
@article{neffa_informalidad_2008,
	title = {La informalidad, la precariedad y el empleo no registrado en la provincia de {Buenos} {Aires}},
	journal = {La Plata: Ministerio de la Provincia de Buenos Aires},
	author = {Neffa, J. C.},
	year = {2008}
}

@article{oreilly_five_2015,
	title = {Five characteristics of youth unemployment in {Europe}: {Flexibility}, education, migration, family legacies, and {EU} policy},
	volume = {5},
	shorttitle = {Five characteristics of youth unemployment in {Europe}},
	number = {1},
	journal = {Sage Open},
	author = {O’Reilly, Jacqueline and Eichhorst, Werner and Gábos, András and Hadjivassiliou, Kari and Lain, David and Leschke, Janine and McGuinness, Seamus and Kureková, Lucia Mytna and Nazio, Tiziana and Ortlieb, Renate},
	year = {2015},
	note = {Publisher: Sage Publications Sage CA: Los Angeles, CA},
	pages = {2158244015574962},
	file = {Snapshot:files/210/2158244015574962.html:text/html}
}

@article{rivera-aguilera_construccion_2018,
	title = {La construcción discursiva del joven trabajador: {Un} análisis crítico a los informes {Tendencias} {Mundiales} de {Empleo}},
	volume = {17},
	shorttitle = {La construcción discursiva del joven trabajador},
	number = {1},
	journal = {Universitas Psychologica},
	author = {Rivera-Aguilera, Guillermo},
	year = {2018},
	note = {Publisher: Pontificia Universidad Javeriana}
}

@article{rivera-aguilera_gobernar_2016,
	title = {Gobernar a la juventud vulnerable: un análisis discursivo de las políticas de empleo juvenil en {Chile}},
	volume = {11},
	shorttitle = {Gobernar a la juventud vulnerable},
	number = {21},
	journal = {Revista pueblos y fronteras digital},
	author = {Rivera-Aguilera, Guillermo},
	year = {2016},
	pages = {192--213},
	file = {Snapshot:files/213/scielo.html:text/html}
}

@article{rivera-aguilera_sector_2019,
	title = {El sector empresarial y su influencia en las políticas de empleabilidad juvenil en {Chile}},
	number = {47},
	journal = {Studia Politicae},
	author = {Rivera-Aguilera, Guillermo and Bork, Adela and Nova, Cristian},
	year = {2019},
	pages = {101--128}
}

@article{ruiz_chilenos_2014,
	title = {Los chilenos bajo el neoliberalismo. {Clases} y conflicto social},
	journal = {Santiago, Nodo XXI y El Desconcierto},
	author = {Ruiz, Carlos and Boccardo, Giorgio},
	year = {2014}
}

@book{santamaria_trayectorias_2011,
	title = {Trayectorias laborales en los márgenes del empleo: políticas, subjetividades y experiencias de jóvenes en la precariedad laboral},
	publisher = {Eusko Jaurlaritzaren Argitalpen Zerbitzu Nagusia= Servicio Central de …},
	author = {Santamaría, Elsa},
	year = {2011}
}

@incollection{sepulveda_incertidumbre_2006,
	title = {Incertidumbre y trayectorias complejas: un estudio sobre expectativas y estrategias laborales de jóvenes y adultos jóvenes en {Chile}},
	booktitle = {Los jóvenes y el empleo en {América} {Latina}: desafíos y perspectivas ante el nuevo escenario laboral},
	publisher = {Cepal},
	author = {Sepúlveda, Leandro},
	editor = {Weller, Jürgen},
	year = {2006}
}

@article{carbajo_efectos_2019,
	title = {Efectos subjetivos de las políticas de emprendimiento entre la juventud española},
	volume = {18},
	issn = {0718-6924, 0717-7798},
	url = {https://www.psicoperspectivas.cl/index.php/psicoperspectivas/article/view/1650},
	doi = {10.5027/psicoperspectivas-Vol18-Issue3-fulltext-1650},
	abstract = {In the last decade the European Union has implemented a wide range of policies aimed to foster entrepreneurship and self-employment among its young people in order to counteract the disturbing effects of the Global Financial Crisis on youth employment. Departing from the research question of what kind of individual are young people being urged to become through those policies, this article analyses the subjective effects of the entrepreneurship policies among Spanish young people. This analysis is grounded on a qualitative study composed of document review of European and Spanish policies about entrepreneurship and an exploratory fieldwork. It is composed of participant observations in institutional events, discussion groups and in-depth interviews to young people involved in entrepreneurial projects. Thus, the article identifies a core tension between the governmental discourse around entrepreneurship and the interviewees’ experiences as well as gives evidences of the articulation between entrepreneurship and precarity. Aligned with critical research undertaken in this field, it concludes establishing that those policies entail a conception of work on oneself that leads the social actor to normalize and collaborate in his own precarisation.},
	language = {en},
	number = {3},
	urldate = {2020-05-08},
	journal = {Psicoperspectivas. Individuo y Sociedad},
	author = {Carbajo, Diego and Santamaría, Elsa},
	month = nov,
	year = {2019},
	file = {Carbajo Padilla y Santamaría López - 2019 - Efectos subjetivos de las políticas de emprendimie.pdf:files/262/Carbajo Padilla y Santamaría López - 2019 - Efectos subjetivos de las políticas de emprendimie.pdf:application/pdf}
}

@article{santamaria__2010,
	title = {" {Buscarse} la vida": trayectorias y experiencias de precariedad en el acceso al empleo de las personas jóvenes},
	number = {89},
	journal = {Revista de Estudios de Juventud},
	author = {Santamaría, Elsa},
	year = {2010},
	note = {Publisher: Injuve (Instituto de la Juventud)},
	pages = {101--123}
}

@book{sennett_corrosion_1998,
	address = {Barcelona},
	title = {La corrosión del carácter},
	publisher = {Anagrama},
	author = {Sennett, Richard},
	year = {1998}
}

@article{stecher_perfiles_2012,
	title = {Perfiles identitarios de trabajadores de grandes empresas del retail en {Santiago} de {Chile}: aportes psicosociales a la comprensión de las identidades laborales},
	volume = {21},
	number = {2},
	journal = {Psykhe (Santiago)},
	author = {Stecher, Antonio},
	year = {2012},
	note = {Publisher: Pontificia Universidad Católica de Chile},
	pages = {9--20}
}

@article{subirats__2019,
	title = {?` {Del} poscapitalismo al postrabajo},
	volume = {279},
	journal = {Nueva Sociedad},
	author = {Subirats, Joan},
	year = {2019},
	note = {Publisher: Fundacion Foro Nueva Sociedad},
	pages = {34--48}
}

@book{trucco_juventud_2015,
	series = {Libros de la {CEPAL}},
	title = {Juventud: realidades y retos para un desarrollo con igualdad},
	number = {137},
	publisher = {Cepal},
	author = {Trucco, Daniela and Ullmann, Heidi},
	year = {2015}
}

@phdthesis{silveti_cultura_2010,
	type = {Tesis para optar al grado de {Magíster} en {Antropología} {Social}},
	title = {Cultura del empleo accesorio: dimensiones socioculturales implicadas en la no-inserción laboral juvenil},
	school = {Universidad de Chile},
	author = {Silveti, Maya},
	year = {2010},
	note = {Publisher: Universidad de Chile}
}

@article{weller_panorama_2011,
	title = {Panorama de las condiciones de trabajo en {América} {Latina}},
	volume = {232},
	journal = {Nueva Sociedad},
	author = {Weller, Jürgen},
	year = {2011},
	note = {Publisher: Editorial Nueva Sociedad Ltda.},
	pages = {32--49}
}

@article{weller_insercion_2007,
	title = {La inserción laboral de los jóvenes: características, tensiones y desafíos},
	volume = {92},
	journal = {Revista de la CEPAL},
	author = {Weller, Jürgen},
	year = {2007}
}

@book{weller_jovenes_2006,
	title = {Los jóvenes y el empleo en {América} {Latina}: desafíos y perspectivas ante el nuevo escenario laboral},
	publisher = {Cepal},
	author = {Weller, Jürgen},
	year = {2006}
}

@misc{oit_panorama_2020,
	type = {Informe},
	title = {Panorama {Laboral} 2019. {América} {Latina} y el {Caribe}},
	copyright = {Copyright and permissions © 1996-2020 International Labour Organization - https://www.ilo.org/global/copyright/lang--es/index.htm},
	url = {http://www.ilo.org/americas/publicaciones/WCMS_732198/lang--es/index.htm},
	abstract = {El Panorama Laboral 2019 de América Latina y el Caribe contiene una síntesis de la evolución económica de los países de la región y un análisis de los impactos registrados en los mercados de trabajo este año, así como los esperados para el año 2020. Además, este año el informe incluye una sección especial sobre “Empleabilidad juvenil”, que revisa la situación laboral de la población entre 15 y 24 años.},
	language = {es},
	urldate = {2020-05-14},
	author = {OIT},
	month = jan,
	year = {2020},
	note = {Library Catalog: www.ilo.org},
	file = {Snapshot:files/214/index.html:text/html}
}

@article{gomez_trabajo_2019,
	title = {Trabajo y familia: expectativas en jóvenes chilenos},
	volume = {21},
	number = {52},
	journal = {Sociologias},
	author = {Gómez, Veronica and Royo, Paulina and Jiménez, Andrés and Cruz, Miguel Ángel},
	year = {2019},
	note = {Publisher: SciELO Brasil},
	pages = {270--297}
}

@article{verd_crisis_2016,
	title = {Crisis del empleo y polarización de las trayectorias laborales. {El} caso de los adultos jóvenes en {Cataluña}},
	volume = {101},
	number = {1},
	journal = {Papers Revista de Sociologia},
	author = {Verd, Joan Miquel and López-Andreu, Martí},
	year = {2016},
	note = {Publisher: Universitat Autònoma de Barcelona},
	pages = {5--30}
}

@article{ashton_sources_1988,
	title = {Sources of variation in labour market segmentation: a comparison of youth labour markets in {Canada} and {Britain}},
	volume = {2},
	number = {1},
	journal = {Work, Employment and Society},
	author = {Ashton, David},
	year = {1988},
	note = {Publisher: BSA Publications Limited},
	pages = {1--24}
}

@phdthesis{arakaki_segmentacion_2016,
	type = {{PhD} {Thesis}},
	title = {La segmentación del mercado de trabajo desde una perspectiva estructuralista},
	school = {Universidad de Buenos Aires. Facultad de Ciencias Económicas.},
	author = {Arakaki, Agustín},
	year = {2016}
}

@book{salvia_sombras_2007,
	title = {Sombras de una marginalidad fragmentada. {Aproximaciones} a la metamorfosis de los sectores populares de la {Argentina}.},
	publisher = {Miño y Dávila},
	author = {Salvia, Agustín and Chávez, Eduardo},
	year = {2007}
}

@article{salvia_estructura_2013,
	title = {La estructura social del trabajo en {Argentina} en el cambio de siglo: cuando lo nuevo no termina de nacer},
	volume = {19},
	issn = {1405-7425},
	shorttitle = {La estructura social del trabajo en {Argentina} en el cambio de siglo},
	url = {http://www.scielo.org.mx/scielo.php?script=sci_abstract&pid=S1405-74252013000200006&lng=es&nrm=iso&tlng=es},
	number = {76},
	urldate = {2020-05-08},
	journal = {Papeles de población},
	author = {Salvia, Agustín and Gutiérrez, Pablo},
	month = jun,
	year = {2013},
	note = {Publisher: Universidad Autónoma del Estado de México, Centro de Investigación y Estudios Avanzados de la Población},
	pages = {163--200},
	file = {ok_SalviaGutiérrez2013_ La estructura social del trabajo en Argentina en el cambio de siglo. cuando lo nuevo no termina de nacer.pdf:files/216/ok_SalviaGutiérrez2013_ La estructura social del trabajo en Argentina en el cambio de siglo. cuando lo nuevo no termina de nacer.pdf:application/pdf}
}

@article{portes_informalidad_1989,
	title = {La informalidad como parte integral de la economía moderna y no como indicador de atraso: respuesta a {Klein} y {Tokman}},
	volume = {7},
	number = {20},
	journal = {Estudios sociológicos},
	author = {Portes, Alejandro},
	year = {1989},
	note = {Publisher: JSTOR},
	pages = {369--374}
}

@article{arakaki_segmentacion_2019,
	title = {La segmentación del mercado de trabajo, desde una perspectiva estructuralista. {Argentina}, 2003-2013},
	volume = {23},
	number = {38/39},
	journal = {RELET-Revista Latinoamericana de Estudios del Trabajo},
	author = {Arakaki, Agustín},
	year = {2019},
	pages = {331--336}
}

@article{weller_insercion_2006,
	title = {Inserción laboral de jóvenes: expectativas, demanda laboral y trayectorias},
	volume = {5},
	journal = {Boletín RedEtis},
	author = {Weller, Jürgen},
	year = {2006},
	pages = {1--6}
}

@inproceedings{castro_salida_2006,
	title = {La salida de la escuela y la incorporación al mercado de trabajo de tres cohortes de hombres y mujeres en {México}},
	booktitle = {Ponencia presentada en el {V} {Congreso} {Nacional} de la {Asociación} {Mexicana} de {Estudios} del {Trabajo}. {México}},
	author = {Castro, Nina and Gandini, Luciana},
	year = {2006}
}

@article{krauskopf_proyectos_2003,
	title = {Proyectos, incertidumbre y futuro en el período juvenil},
	volume = {101},
	number = {6},
	journal = {Arch. argent. pediatr},
	author = {Krauskopf, Dina},
	year = {2003},
	pages = {495}
}

@phdthesis{ibarra_insercion_2008,
	type = {Memoria para optar al título profesional de {Sociólogo}},
	title = {Inserción laboral y empleabilidad en el mercado de trabajo en servicios sociales a la comunidad. {Estudio} de caso de las trabajadoras del {Programa} {Servicios} {Comunitarios}.},
	language = {es},
	school = {Universidad de Chile},
	author = {Ibarra, Sebastián},
	year = {2008},
	file = {Memoria_para_optar_al_título_profesional_de_Sociól.pdf:files/271/Memoria_para_optar_al_título_profesional_de_Sociól.pdf:application/pdf}
}

@article{henry_flexibilizacion_2013,
	title = {Flexibilización productiva y difusión del trabajo independiente en la prensa escrita argentina. {Un} estudio sobre las condiciones de empleo de los periodistas colaboradores},
	number = {21},
	journal = {Trabajo y sociedad},
	author = {Henry, Laura},
	year = {2013},
	note = {Publisher: Universidad Nacional de Santiago del Estero},
	pages = {261--278}
}

@article{de_la_hoz_desempleo_2012,
	title = {El desempleo juvenil: problema de efectos perpetuos},
	volume = {10},
	number = {1},
	journal = {RLCSNJ},
	author = {De La Hoz, Fabio José and Quejada, Raúl and Yánez, Martha},
	year = {2012}
}

@article{tokman_desempleo_2003,
	title = {Desempleo juvenil en el {Cono} {Sur}},
	journal = {Santiago de Chile: Fundación Friedrich Ebert},
	author = {Tokman, Victor},
	year = {2003}
}

@article{cepaloij_juventud_2004,
	title = {La juventud en {Iberoamérica}: tendencias y urgencias},
	author = {CEPAL/OIJ},
	year = {2004},
	note = {Publisher: CEPAL}
}

@article{rubery_structured_1978,
	title = {Structured labour markets, worker organisation and low pay},
	volume = {2},
	number = {1},
	journal = {Cambridge journal of Economics},
	author = {Rubery, Jill},
	year = {1978},
	note = {Publisher: JSTOR},
	pages = {17--36}
}

@article{urraco_padres_2016,
	title = {De padres a hijos. {Reflexiones} sobre la pervivencia de la pauta sociolaboral fordista-keynesiana y su modelo de transiciones juveniles},
	volume = {1},
	issn = {25300091},
	url = {http://investigacionenjuventud.org/?p=102},
	doi = {10.22400/cij.1.e002},
	language = {es},
	number = {1},
	urldate = {2020-05-08},
	journal = {Cuadernos de Investigación en Juventud},
	author = {{Urraco}},
	month = jul,
	year = {2016},
	file = {Universidad de Extremadura y Urraco Solanilla - 2016 - De padres a hijos. Reflexiones sobre la pervivenci.pdf:files/263/Universidad de Extremadura y Urraco Solanilla - 2016 - De padres a hijos. Reflexiones sobre la pervivenci.pdf:application/pdf}
}

@article{pinto_naturaleza_1970,
	title = {Naturaleza e implicaciones de la "heterogeneidad estructural" de la {América} {Latina}},
	url = {https://repositorio.cepal.org//handle/11362/2055},
	abstract = {Incluye Bibliografía},
	language = {es},
	urldate = {2020-05-12},
	author = {Pinto, Aníbal},
	year = {1970},
	note = {Accepted: 2014-01-02T14:54:01Z},
	file = {Snapshot:files/229/2055.html:text/html;Pinto Santa Cruz_1998_Naturaleza e implicaciones de la heterogeneidad estructural de la América.pdf:files/230/Pinto Santa Cruz_1998_Naturaleza e implicaciones de la heterogeneidad estructural de la América.pdf:application/pdf}
}

@article{rodriguez_prebisch_2001,
	title = {Prebisch: {Actualidad} de sus ideas básicas},
	volume = {75},
	shorttitle = {Prebisch},
	journal = {Revista de la CEPAL},
	author = {Rodríguez, Octavio},
	year = {2001},
	file = {ok_Rodríguez2001_ Prebisch. Actualidad de sus ideas básicas.pdf:files/225/ok_Rodríguez2001_ Prebisch. Actualidad de sus ideas básicas.pdf:application/pdf}
}

@book{piovani_argentina_2018,
	address = {Buenos Aires},
	series = {Sociología y política},
	title = {La {Argentina} en el siglo {XXI}: cómo somos, vivimos y convivimos en una sociedad desigual: {Encuesta} {Nacional} sobre la {Estructura} {Social}},
	isbn = {978-987-629-824-7},
	shorttitle = {La {Argentina} en el siglo {XXI}},
	publisher = {Siglo Veintiuno Editores : Consejo de Decanos, de Facultades de Ciencias Sociales y Humanas : PISAC, Programa de Investigación sobre la Sociedad Argentina Contemporánea},
	editor = {Piovani, Juan Ignacio and Salvia, Agustín and Salvia, Agustín},
	year = {2018},
	keywords = {21st century, Argentina, Equality, History, Social conditions, Social structure, Social surveys},
	file = {Piovani et al_2018_La Argentina en el siglo XXI.pdf:files/221/Piovani et al_2018_La Argentina en el siglo XXI.pdf:application/pdf;ok_SalviaFachalRobles2018_ La estructura social del trabajo en la Argentina. Un sistema ocupacional heterogéneo, desigual y segmentado.txt:files/222/ok_SalviaFachalRobles2018_ La estructura social del trabajo en la Argentina. Un sistema ocupacional heterogéneo, desigual y segmentado.txt:text/plain}
}

@article{solar_origen_2019,
	title = {Origen y mantención de la informalidad en la {Región} de {América} {Latina} y el {Caribe}},
	volume = {FLACSO-Chile},
	journal = {ACCESO A LA SALUD DE LOS TRABAJADORES QUE LABORAN EN LA ECONOMÍA INFORMAL Y SUS FAMILIAS: Orígenes, lecciones y aprendizajes de la Región de las Américas.},
	author = {Solar, Orielle and González, María José and Tonelli, Patrizio},
	year = {2019},
	pages = {21},
	file = {ok_SolarGonzálezTonelli2019_ Origen y mantención de la informalidad en la Región de ALyC.pdf:files/223/ok_SolarGonzálezTonelli2019_ Origen y mantención de la informalidad en la Región de ALyC.pdf:application/pdf;Solar et al_Origen y mantención de la informalidad en la Región de América Latina y el.pdf:files/226/Solar et al_Origen y mantención de la informalidad en la Región de América Latina y el.pdf:application/pdf}
}

@article{boccardo_cambios_2012,
	title = {Cambios recientes en la estructura social de {Argentina}, {Brasil} y {Chile} (1980-2010)},
	volume = {0},
	copyright = {Copyright (c)},
	issn = {1853-6484},
	url = {https://publicaciones.sociales.uba.ar/index.php/entramadosyperspectivas/article/view/131},
	abstract = {Las transformaciones estructurales ocurridas en las últimas décadas en América Latina generaron cambios significativos en la fisonomía de su estructura y principales grupos sociales. Cambios vinculados a reformas al Estado y la economía, que dieron lugar a una heterogénea mutación en el patrón de acumulación capitalista, que en algunos países modificó radicalmente la sociedad “desarrollista”, mientras que en otros, la transformación parcial, significó cierta continuidad de los grupos sociales del periodo anterior. Este trabajo analiza la estructura social de Argentina, Brasil y Chile, desde la década de los ochenta en adelante. Se proponen tres variantes históricas de transformación: Argentina, que revirtió parcialmente tendencias de desestructuración de grupos sociales desarrollistas; Brasil, cuya gradualidad de cambios permitió que grupos sociales desarrollistas se integraran “pactadamente” al proceso de modernización; y Chile, donde la reforma estructural, modificó radicalmente su estructura y principales grupos sociales.},
	language = {es},
	number = {2},
	urldate = {2020-05-12},
	journal = {Revista de la Carrera de Sociología},
	author = {Boccardo, Giorgio},
	year = {2012},
	note = {Number: 2},
	pages = {43--70},
	file = {Snapshot:files/227/131.html:text/html;Bosoni_2012_Cambios recientes en la estructura social de Argentina, Brasil y Chile.pdf:files/228/Bosoni_2012_Cambios recientes en la estructura social de Argentina, Brasil y Chile.pdf:application/pdf}
}

@techreport{carrillo_mercado_2018,
	address = {Chile},
	title = {Mercado laboral y educación en {Chile}: {Principales} tendencias y resultados},
	abstract = {Este documento analiza las caracter´ısticas del mercado laboral chileno, estudiando la demanda y oferta de trabajo, la participaci´on laboral y sus desaf´ıos, los tipos de empleo y sus niveles de formalidad, y los salarios. Se desagrega a nivel de sector econo´mico y tipos de ocupacio´n, e incorpora las caracter´ısticas educacionales de la poblaci´on, de modo de entender posibles tendencias y dilucidar resultados clave con respecto a la formaci´on que permitan mejorar las posibilidades y retornos de las personas en el mercado laboral. En general, se encuentra que las personas con mayores niveles educativos presentan mejores resultados en el mercado laboral, tanto en participacio´n, como calidad y salarios.},
	language = {es},
	institution = {Comisión Nacional de Productividad},
	author = {Carrillo, Francisco and Espinoza, Sebastián and Valenzuela},
	year = {2018},
	pages = {51},
	file = {Carrillo - Mercado laboral y educaci´on en Chile Principales.pdf:files/231/Carrillo - Mercado laboral y educaci´on en Chile Principales.pdf:application/pdf}
}

@article{de_paula_desafios_2012,
	title = {Los desafíos actuales de la sociología del trabajo en {América} {Latina}},
	language = {es},
	author = {de Paula, Marcia},
	year = {2012},
	pages = {162},
	file = {de - Sociología del Trabajo 75.pdf:files/234/de - Sociología del Trabajo 75.pdf:application/pdf}
}

@article{perez_ahumada_social_2019,
	title = {Social classes, economic sector sand changes in the chilean social structure, 1992 and 2013},
	volume = {2018},
	issn = {16840348},
	url = {https://www.un-ilibrary.org/economic-and-social-development/social-classes-economic-sector-sand-changes-in-the-chilean-social-structure-1992-and-2013_6b6eb2f5-en},
	doi = {10.18356/6b6eb2f5-en},
	abstract = {According to recent research studies, a central characteristic of Chilean society is its mesocratization, in other words the sustained growth of the middle class. This article tests that thesis empirically, using Erik O. Wright’s class model and the shift-share analysis technique to study the changes that occurred in Chile’s class structure in two periods 1992–2003 and 2003–2013. The study concludes that the idea of mesocratization is questionable; between 1992 and 2013, there are substantially fewer people located in middle-class positions than in the “popular” classes (working class and informal self-employed). Moreover, the growth of the middle class has been relatively marginal and has been accompanied by trends that contradict the idea of a mesocratic society (such as the expansion of the working class between 2003 and 2013).},
	language = {en},
	number = {126},
	urldate = {2020-05-12},
	journal = {CEPAL Review},
	author = {Pérez Ahumada, Pablo},
	month = may,
	year = {2019},
	pages = {155--175},
	file = {Pérez Ahumada - 2019 - Social classes, economic sector sand changes in th.pdf:files/232/Pérez Ahumada - 2019 - Social classes, economic sector sand changes in th.pdf:application/pdf}
}

@article{tokman_economic_1989,
	title = {Economic {Development} and {Labor} {Markets} {Segmentation} in the {Latin} {American} {Periphery}},
	volume = {31},
	issn = {0022-1937, 2162-2736},
	url = {https://www.cambridge.org/core/product/identifier/S0022193700004168/type/journal_article},
	doi = {10.2307/165909},
	abstract = {Segmentation in the labor markets refers to the fact that a single homogeneous market for labor, as assumed by conventional theory, does not exist. Its definition varies according to different authors. This article will refer to the concept as it is used in the discussion of economic development in Latin America: that is, that created by the type of development which generates a segmentation of the productive structure and, in turn, of the labor markets.},
	language = {en},
	number = {1-2},
	urldate = {2020-05-12},
	journal = {Journal of Interamerican Studies and World Affairs},
	author = {Tokman, Victor E.},
	year = {1989},
	pages = {23--48},
	file = {Tokman - 1989 - Economic Development and Labor Markets Segmentatio.pdf:files/233/Tokman - 1989 - Economic Development and Labor Markets Segmentatio.pdf:application/pdf}
}

@article{grimshaw_integrating_1998,
	title = {Integrating the internal and external labour markets},
	volume = {22},
	issn = {0309-166X, 1464-3545},
	url = {https://academic.oup.com/cje/article-lookup/doi/10.1093/oxfordjournals.cje.a013711},
	doi = {10.1093/oxfordjournals.cje.a013711},
	language = {en},
	number = {2},
	urldate = {2020-05-12},
	journal = {Cambridge Journal of Economics},
	author = {Grimshaw, D. and Rubery, J.},
	month = mar,
	year = {1998},
	pages = {199--220},
	file = {Grimshaw y Rubery - 1998 - Integrating the internal and external labour marke.pdf:files/235/Grimshaw y Rubery - 1998 - Integrating the internal and external labour marke.pdf:application/pdf}
}

@techreport{osterman_internal_1984,
	type = {{MIT} {Press} {Books}},
	title = {Internal {Labor} {Markets}},
	url = {https://econpapers.repec.org/bookchap/mtptitles/026265105x.htm},
	abstract = {Contrary to the popular image of change and turnover, most Americans spend the majority of their working lives employed in a single firm. The original essays in this book discuss the origins and importance of these internal labor markets, providing new insights into their changing power and influence. They also explore the more varied and dynamic employment practices that have evolved in large companies in response to new government regulations, increased competition for managerial talent, the difficult economy of the 1970s, and to the threat of unions.},
	urldate = {2020-05-12},
	institution = {The MIT Press},
	author = {Osterman, Paul},
	year = {1984},
	note = {ISBN: 9780262651059},
	keywords = {labor markets, unions},
	file = {RePEc Snapshot:files/236/026265105x.html:text/html}
}

@article{osterman_paul_1986,
	title = {Paul {Osterman} (ed.): {Internal} {Labour} {Markets} 1984, {Cambridge}, {London}: {MIT} {Press}. 296 pages},
	volume = {7},
	issn = {0170-8406, 1741-3044},
	shorttitle = {Paul {Osterman} (ed.)},
	url = {http://journals.sagepub.com/doi/10.1177/017084068600700314},
	doi = {10.1177/017084068600700314},
	language = {en},
	number = {3},
	urldate = {2020-05-11},
	journal = {Organization Studies},
	author = {Osterman, Paul},
	month = jul,
	year = {1986},
	pages = {310--311}
}

@article{reich_dual_1973,
	title = {Dual {Labor} {Markets}: {A} {Theory} of {Labor} {Market} {Segmentation}},
	shorttitle = {Dual {Labor} {Markets}},
	url = {https://digitalcommons.unl.edu/econfacpub/3},
	journal = {Economics Department Faculty Publications},
	author = {Reich, Michael and Gordon, David and Edwards, Richard},
	month = may,
	year = {1973},
	file = {"Dual Labor Markets\: A Theory of Labor Market Segmentation" by Michael Reich, David M. Gordon et al.:files/241/3.html:text/html}
}

@misc{doeringer_internal_1970,
	title = {Internal {Labor} {Markets} and {Manpower} {Analysis} - {Peter} {B}. {Doeringer}, {Michael} {J}. {Piore} - {Google} {Libros}},
	url = {https://books.google.cl/books/about/Internal_Labor_Markets_and_Manpower_Anal.html?id=a8s5YyWkaCwC&redir_esc=y},
	urldate = {2020-05-08},
	author = {Doeringer, Michael and Piore, Michael J},
	year = {1970},
	file = {Internal Labor Markets and Manpower Analysis - Peter B. Doeringer, Michael J. Piore - Google Libros:files/243/Internal_Labor_Markets_and_Manpower_Anal.html:text/html}
}

@article{adriana_contrato_2019,
	title = {El contrato de prestación de servicios de cara al concepto de {Trabajo} {Decente} de la {OIT} en {Colombia}: {Un} estudio a la luz de la teoría de la segmentación del mercado de trabajo},
	abstract = {This research aims to determine how the implementation of the service provision contract can guarantee the concept of decent work proposed by the ILO in Colombia, in light of the theory of segmented labor markets. It is a socio-legal research, with a descriptive-explanatory type of study, in which the method of analysis and synthesis is used, the focus of the study is descriptive-correlational. The technique of information collection is the documentary analysis and the primary sources of this research are the Political Constitution of Colombia, the Labor Substantive Code of Colombia, the Colombian Civil Code, Books, National Laws, Regulations issued by the International Labor Organization, judgments of the Colombian Constitutional Court, the Supreme Court of Justice and the Council of State. And the secondary sources are theses, monographs and scientific articles that relate to the subject under investigation. With the development of the research it was possible to determine that the contract for the provision of services has served as an instrument in both the public and private sectors to evade the obligations that naturally occur when a work contract is underway. Problematic situation that has prompted the national closing courts to pronounce against the wrong implementation of the contract and propose remedial interpretations. For this reason, the interest to study this unit of analysis extensively and particularly, in the light of the concept of decent work of the International Labor Organization (ILO) and the Theory of the Segmentation of the Labor Market, in order to determine the relationship that can be established between them.OIT, Contrato Realidad.},
	language = {es},
	author = {Adriana, Buitrago and Florez, Brigitte},
	year = {2019},
	pages = {46},
	file = {González - 2019 - DOCUMENTOS DE TRABAJO IELAT.pdf:files/267/González - 2019 - DOCUMENTOS DE TRABAJO IELAT.pdf:application/pdf}
}

@book{neffa_teorias_2008,
	address = {Buenos Aires},
	title = {Teorías económicas sobre el mercado de trabajo},
	isbn = {978-950-557-687-6 978-950-557-739-2 978-950-557-710-1},
	language = {es},
	publisher = {Fondo de Cultura Económica},
	author = {Neffa, Julio César and Féliz, Mariano and Panigo, Demian T and Pérez, Pablo E},
	year = {2008},
	note = {OCLC: 137316745},
	file = {Neffa et al_2008_Teorías económicas sobre el mercado de trabajo.pdf:files/251/Neffa et al_2008_Teorías económicas sobre el mercado de trabajo.pdf:application/pdf}
}

@article{santos_segmentacion_1997,
	title = {La segmentación del mercado laboral juvenil y su especialización ocupacional por edad y sexo},
	language = {es},
	author = {Santos, José},
	year = {1997},
	pages = {19},
	file = {Miguel y Preciaoo - La segmentación del mercado laboral juvenil y su e.pdf:files/254/Miguel y Preciaoo - La segmentación del mercado laboral juvenil y su e.pdf:application/pdf}
}

@incollection{wyn_unemployment_2015,
	address = {Singapore},
	title = {Unemployment, {Insecurity}, and {Poor} {Work}: {Young} {Adults} in the {New} {Economy}},
	isbn = {978-981-4451-14-7 978-981-4451-15-4},
	shorttitle = {Unemployment, {Insecurity}, and {Poor} {Work}},
	url = {http://link.springer.com/10.1007/978-981-4451-15-4_15},
	abstract = {This chapter explores the experiences of young adults in the new economy. It focuses on employment, unemployment, and precarious forms of work, highlighting the consequences of these changes for young people, both in terms of their impact on objective outcomes and in relation to subjective impacts. It argues that high unemployment and precarious forms of employment are not temporary phenomenon linked to recession but are part of a long-term trend involving the growth of low-skill jobs and part-time employment among young people: trends that may hit less-advantaged youth hardest but which also impact on those who have invested heavily in education and training. These trends have serious consequences for young people’s well-being.},
	language = {en},
	urldate = {2020-05-08},
	booktitle = {Handbook of {Children} and {Youth} {Studies}},
	publisher = {Springer Singapore},
	author = {Furlong, Andy},
	editor = {Wyn, Johanna and Cahill, Helen},
	year = {2015},
	doi = {10.1007/978-981-4451-15-4_15},
	pages = {531--542},
	file = {Furlong - 2015 - Unemployment, Insecurity, and Poor Work Young Adu.pdf:files/252/Furlong - 2015 - Unemployment, Insecurity, and Poor Work Young Adu.pdf:application/pdf}
}

@article{sevilla_labour_2020,
	title = {Labour market mismatch in emerging countries: the case of {Chile}},
	volume = {50},
	issn = {0305-7925, 1469-3623},
	shorttitle = {Labour market mismatch in emerging countries},
	url = {https://www.tandfonline.com/doi/full/10.1080/03057925.2019.1675495},
	doi = {10.1080/03057925.2019.1675495},
	abstract = {One of the most salient characteristics of the recent evolution of Chilean higher education system is its rapid expansion. Conversely, the competencies required for the workforce have been slower to emerge. This paper examines the incidence of qualiﬁcation and skill mismatches across diﬀerent populations, across age groups, gender, and educational levels. The discrepancy between the qualiﬁcations and skills possessed by workers, and those required to perform their jobs is measured using the Survey of Adult Skills-PIAAC and a national socioeconomic survey. Our results suggest that overeducation is increasing across time, aﬀecting mainly younger, higher educated workers. Overskilling is also a widespread phenomenon among this group, probably due to a crowding out process. Moreover, the high competition for accessing the best positions is leading to credential inﬂation. Thus, the axiom that education per se leads to a good job, which guides much student decision-making, seems increasingly diﬀuse and requires urgent review.},
	language = {en},
	number = {2},
	urldate = {2020-05-08},
	journal = {Compare: A Journal of Comparative and International Education},
	author = {Sevilla, María-Paola and Farías, Mauricio},
	month = feb,
	year = {2020},
	pages = {276--293},
	file = {Sevilla y Farías - 2020 - Labour market mismatch in emerging countries the .pdf:files/253/Sevilla y Farías - 2020 - Labour market mismatch in emerging countries the .pdf:application/pdf}
}

@article{sanderson_youth_2019,
	title = {Youth transitions to employment: longitudinal evidence from marginalised young people in {England}},
	issn = {1367-6261, 1469-9680},
	shorttitle = {Youth transitions to employment},
	url = {https://www.tandfonline.com/doi/full/10.1080/13676261.2019.1671581},
	doi = {10.1080/13676261.2019.1671581},
	abstract = {This paper uses empirical evidence to explore the nature of employment transitions for a cohort of marginalised young people in England. The ﬁndings presented reveal the importance of past experiences, largely determined by prevailing opportunity structures, in shaping the present and reiterate the need to see transition as a historical process. Longitudinal data collected as part of an evaluation of a youth employment programme called Talent Match provides the evidence for the paper. The routes participants took in terms of securing and sustaining employment are examined. The paper develops a typology of diﬀerent transitional groups to explore these routes based on the movement (or lack of) into and out of employment. The relative importance of diﬀerent factors in explaining the groupings are assessed, with results underlining how the ongoing change participants were encountering in the present was inextricably linked to their past. In response, this paper suggests a reemphasis on understanding youth as both a stage of ‘being’ and ‘becoming’, seeing youth as both a condition in its own right but also part of the life course process, and calls for a more dynamic understanding of youth transitions among policymakers and those designing youth employment programmes.},
	language = {en},
	urldate = {2020-05-08},
	journal = {Journal of Youth Studies},
	author = {Sanderson, Elizabeth},
	month = oct,
	year = {2019},
	pages = {1--20},
	file = {Sanderson - 2019 - Youth transitions to employment longitudinal evid.pdf:files/255/Sanderson - 2019 - Youth transitions to employment longitudinal evid.pdf:application/pdf}
}

@article{rubio_jovenes_2017,
	title = {Los jóvenes en el mercado laboral argentino bajo regímenes macroeconómicos diferentes: neoliberalismo y neodesarrollismo (1992-2014)},
	volume = {9},
	issn = {2216-1201},
	shorttitle = {Los jóvenes en el mercado laboral argentino bajo regímenes macroeconómicos diferentes},
	url = {http://www.funlam.edu.co/revistas/index.php/RCCS/article/view/2343},
	doi = {10.21501/22161201.2343},
	abstract = {Objective: The article´s objective is to analize the evolution of the young work force job composition under different macroeconomic regimes in Argentina: neoliberalism (1992-1998) and neodevelopmentalism (20042014), taking into account the period of socioeconomic crisis (2001-2003) that separates them.},
	language = {es},
	number = {1},
	urldate = {2020-05-08},
	journal = {Revista Colombiana de Ciencias Sociales},
	author = {Rubio, Maria Berenice and Salvia, Agustín},
	month = dec,
	year = {2017},
	pages = {176},
	file = {Rubio y Salvia - 2017 - Los jóvenes en el mercado laboral argentino bajo r.pdf:files/256/Rubio y Salvia - 2017 - Los jóvenes en el mercado laboral argentino bajo r.pdf:application/pdf}
}

@article{mctier_influence_2018,
	title = {Influence of {Work}–{Welfare} {Cycling} and {Labour} {Market} {Segmentation} on {Employment} {Histories} of {Young} {Long}-{Term} {Unemployed}},
	volume = {32},
	issn = {0950-0170, 1469-8722},
	url = {http://journals.sagepub.com/doi/10.1177/0950017017697857},
	doi = {10.1177/0950017017697857},
	abstract = {The onset of the ‘Great Recession’ from 2008 was associated with a significant increase in longterm unemployment among young people. Work–welfare cycling has been put forward as a contributory factor. Drawing on a large-scale survey of long-term unemployed young people, this article argues that segmented labour market theory provides a strong explanatory framework for understanding the nature of long-term unemployment among young people, with the literature on work–welfare cycling contributing to an understanding of one of the processes by which precarious employment impacts on employability and labour supply. A second key finding is the heterogeneous nature of the young long-term unemployed, which in turn requires policy responses more customized to the needs of the different groups.},
	language = {en},
	number = {1},
	urldate = {2020-05-08},
	journal = {Work, Employment and Society},
	author = {McTier, Alexander and McGregor, Alan},
	month = feb,
	year = {2018},
	pages = {20--37},
	file = {McTier y McGregor - 2018 - Influence of Work–Welfare Cycling and Labour Marke.pdf:files/257/McTier y McGregor - 2018 - Influence of Work–Welfare Cycling and Labour Marke.pdf:application/pdf}
}

@article{furlong_risk_1997,
	title = {Risk and uncertainty in the youth transition},
	volume = {5},
	issn = {1103-3088, 1741-3222},
	url = {http://journals.sagepub.com/doi/10.1177/110330889700500102},
	doi = {10.1177/110330889700500102},
	language = {en},
	number = {1},
	urldate = {2020-05-08},
	journal = {YOUNG},
	author = {Furlong, Andy and Cartmel, Fred},
	month = feb,
	year = {1997},
	pages = {3--20},
	file = {Furlong y Cartmel - 1997 - Risk and uncertainty in the youth transition.pdf:files/258/Furlong y Cartmel - 1997 - Risk and uncertainty in the youth transition.pdf:application/pdf}
}

@misc{cain_challenge_1976,
	title = {The {Challenge} of {Segmented} {Labor} {Market} {Theories} to {Orthodox} {Theory}: {A} {Survey}},
	url = {https://econpapers.repec.org/article/aeajeclit/v_3a14_3ay_3a1976_3ai_3a4_3ap_3a1215-57.htm},
	urldate = {2020-05-08},
	author = {Cain, Glen},
	year = {1976},
	file = {EconPapers\: The Challenge of Segmented Labor Market Theories to Orthodox Theory\: A Survey:files/259/v_3a14_3ay_3a1976_3ai_3a4_3ap_3a1215-57.html:text/html}
}

@article{salvia_cambios_2015,
	title = {Cambios y continuidades en la estructura ocupacional urbana argentina},
	volume = {2015},
	journal = {J. Lindenboim \& A. Salvia (coords.), Hora de balance: proceso de acumulación, mercado de trabajo y bienestar. Argentina},
	author = {Salvia, Agustín and Vera, Julieta and Poy, Santiago},
	year = {2015},
	pages = {133--172}
}

@article{salvia_estructura_2018,
	title = {La estructura social del trabajo en la {Argentina}: {Un} sistema ocupacional heterogéneo, desigual y segmentado},
	shorttitle = {La estructura social del trabajo en la {Argentina}},
	author = {Salvia, Agustín and Fachal, María Noel and Robles, Ramiro},
	year = {2018},
	note = {Publisher: Siglo XXI},
	file = {ok_SalviaFachalRobles2018_ La estructura social del trabajo en la Argentina. Un sistema ocupacional heterogéneo, desigual y segmentado.txt:files/217/ok_SalviaFachalRobles2018_ La estructura social del trabajo en la Argentina. Un sistema ocupacional heterogéneo, desigual y segmentado.txt:text/plain;Salvia et al_2018_La estructura social del trabajo en la Argentina.pdf:files/260/Salvia et al_2018_La estructura social del trabajo en la Argentina.pdf:application/pdf}
}

@misc{rubery_developing_2007,
	type = {Billet},
	title = {Developing segmentation theory: a thirty years perspective},
	shorttitle = {Developing segmentation theory},
	url = {https://socioecotravail.hypotheses.org/1746},
	abstract = {Segmentation theories of the 1970s  made employing organisations the central agents in the shaping of labour market inequality. These theories can be critiqued for offering a very partial and static institutional analysis of labour markets that was also highly American centric.  To remedy these problems three developments were required:  to regard strategies by employers and … Continuer la lecture de Developing segmentation theory:  a thirty years perspective  →},
	language = {fr-FR},
	urldate = {2020-05-08},
	journal = {Socio-économie du travail},
	author = {Rubery, Jill},
	year = {2007},
	note = {Library Catalog: socioecotravail.hypotheses.org}
}

@article{urrutia_trabajo_2019,
	title = {Trabajo y familia: expectativas en jóvenes chilenos},
	volume = {21},
	issn = {1807-0337, 1517-4522},
	shorttitle = {Trabajo y familia},
	url = {http://www.scielo.br/scielo.php?script=sci_arttext&pid=S1517-45222019000300270&tlng=es},
	doi = {10.1590/15174522-94085},
	abstract = {Young people face a world in which the terms of the social contract established in the 20th century between employers and workers, and between men and women, are changing. This paper explores young people’s expectations regarding work and family, against the backdrop of a growing heterogeneity of youth biographies. Methodologically, the paper relies on data collected through a survey applied in 2017 to university students (N=1358) in Chile. Our results suggest that, although frequently characterized as either irresponsible or victims, young people vindicate the possibility of having their own life projects, although in a context still marked by gender inequalities and limited access to the labour market.},
	language = {es},
	number = {52},
	urldate = {2020-05-08},
	journal = {Sociologias},
	author = {Urrutia, Veronica Gómez and Urrizola, Paulina Royo and Figueroa, Andrés Jiménez and Cubillos, Miguel Ángel Cruz},
	month = dec,
	year = {2019},
	pages = {270--297},
	file = {Urrutia et al. - 2019 - Trabajo y familia expectativas en jóvenes chileno.pdf:files/261/Urrutia et al. - 2019 - Trabajo y familia expectativas en jóvenes chileno.pdf:application/pdf}
}

@article{rivera-aguilera_gubernamentalidad_2016,
	title = {Gubernamentalidad y políticas de empleo: la construcción discursiva del joven trabajador en {Chile}},
	volume = {24},
	issn = {0718-2236},
	shorttitle = {Gubernamentalidad y políticas de empleo},
	url = {http://www.scielo.cl/scielo.php?script=sci_arttext&pid=S0718-22362016000200003&lng=en&nrm=iso&tlng=en},
	doi = {10.4067/S0718-22362016000200003},
	language = {es},
	number = {45},
	urldate = {2020-05-08},
	journal = {Ultima década},
	author = {Rivera-Aguilera, Guillermo},
	month = dec,
	year = {2016},
	pages = {34--54},
	file = {Rivera-Aguilera - 2016 - Gubernamentalidad y políticas de empleo la constr.pdf:files/264/Rivera-Aguilera - 2016 - Gubernamentalidad y políticas de empleo la constr.pdf:application/pdf}
}

@article{pohl_activating_2007,
	title = {Activating the disadvantaged. {Variations} in addressing youth transitions across {Europe}},
	volume = {26},
	issn = {0260-1370, 1464-519X},
	url = {http://www.tandfonline.com/doi/abs/10.1080/02601370701559631},
	doi = {10.1080/02601370701559631},
	language = {en},
	number = {5},
	urldate = {2020-05-08},
	journal = {International Journal of Lifelong Education},
	author = {Pohl, Axel and Walther, Andreas},
	month = sep,
	year = {2007},
	pages = {533--553},
	file = {Pohl y Walther - 2007 - Activating the disadvantaged. Variations in addres.pdf:files/265/Pohl y Walther - 2007 - Activating the disadvantaged. Variations in addres.pdf:application/pdf}
}

@article{oreilly_are_2019,
	title = {Are some sectors more “youth friendly” than others? {Employment} regimes, sectors, and gender disparities in the {Great} {Recession}},
	volume = {29},
	issn = {0954-5395, 1748-8583},
	shorttitle = {Are some sectors more “youth friendly” than others?},
	url = {https://onlinelibrary.wiley.com/doi/abs/10.1111/1748-8583.12242},
	doi = {10.1111/1748-8583.12242},
	abstract = {Despite national differences in youth employment, many countries share striking similarities in the uneven sectoral distribution of job opportunities for young women and men in Europe. A shift‐share analysis of European Labour Force data identifies “youth‐friendly” sectors, how this varies between countries, and how this changed during the Great Recession. This reveals how youth job opportunities were lost because the sector shrank or because employers were less likely to offer full‐time, permanent contracts. New jobs for youth were more likely to be in part‐time and temporary employment. Youth vulnerability to unemployment is contingent not only on employers' engagement with institutions shaping school‐to‐work transitions but also on gender segregation and to the fact that some sectors have been particularly fragile during the economic crisis. Future research needs to link institutional effects with employers' business strategies to understand how these shape job opportunities for young women and men.},
	language = {en},
	number = {3},
	urldate = {2020-05-08},
	journal = {Human Resource Management Journal},
	author = {O'Reilly, Jacqueline and Grotti, Raffaele and Russell, Helen},
	month = jul,
	year = {2019},
	pages = {490--508},
	file = {O'Reilly et al. - 2019 - Are some sectors more “youth friendly” than others.pdf:files/266/O'Reilly et al. - 2019 - Are some sectors more “youth friendly” than others.pdf:application/pdf}
}

@article{basch_are_1996,
	title = {Are there dual labor markets in {Chile}?: empirical evidence},
	volume = {50},
	issn = {03043878},
	shorttitle = {Are there dual labor markets in {Chile}?},
	url = {https://linkinghub.elsevier.com/retrieve/pii/S0304387896004014},
	doi = {10.1016/S0304-3878(96)00401-4},
	abstract = {In this paper we use a switching regression method to test the hypothesis that segmentation in the Chilean labor market exists. The results support the labor segmentation hypothesis and consequently they contradict those of Corbo and Stelcner (1983). The explanation for this is that we do not make any a priori definition of the population, as Corbo and Stelcner do. In fact, our results show that any a priori definition of the sample will lead to rejecting the segmentation hypothesis.},
	language = {en},
	number = {2},
	urldate = {2020-05-08},
	journal = {Journal of Development Economics},
	author = {Basch, Michael and Paredes-Molina, Ricardo D.},
	month = aug,
	year = {1996},
	pages = {297--312},
	file = {Basch y Paredes-Molina - 1996 - Are there dual labor markets in Chile empirical .pdf:files/268/Basch y Paredes-Molina - 1996 - Are there dual labor markets in Chile empirical .pdf:application/pdf}
}

@article{moner_segmentacion_2008,
	title = {Segmentación de los mercados de trabajo y relaciones laborales. {El} sindicalismo ante la acción colectiva},
	abstract = {Changes in the organizational models and changes of management styles, with the spread of processes of outsourcing and differentiated treatment among workers, have sharpened the segmentation of the labour markets. The ‘Survey of Quality of Working Life’, of the Ministry of Labour, allow us to recognize this fragmentation in employment conditions. Labour markets segmentation acquires increased consistency, first, since it discriminates with regards to workers’ personal, family and social situations; and second, since it gives rise to different kind of interests, values, expectations, attitudes and behaviours between labour segments. Labour market segmentation helps us to explain why the individual relationships and especially the microcorporative action acquire a greater space in the social employment relations. Trade unions must confront with this panorama; but they can also find these trends in their inside.},
	language = {es},
	journal = {Cuadernos de Relaciones Laborales},
	author = {Moner, Ramón ALÓS},
	year = {2008},
	pages = {26},
	file = {Moner - 2008 - Segmentación de los mercados de trabajo y relacion.pdf:files/269/Moner - 2008 - Segmentación de los mercados de trabajo y relacion.pdf:application/pdf}
}

@article{hudson_new_2007,
	title = {The new labor market segmentation: {Labor} market dualism in the new economy},
	volume = {36},
	issn = {0049089X},
	shorttitle = {The new labor market segmentation},
	url = {https://linkinghub.elsevier.com/retrieve/pii/S0049089X06000068},
	doi = {10.1016/j.ssresearch.2005.11.005},
	abstract = {Dual labor market theory asserts that the American labor market is sharply divided between good jobs and bad jobs, and that mobility between these two segments of the market is severely restricted. The new labor market segmentation thesis argues that, as the practice of allocating workers to inferior jobs on the basis of race and sex has declined, employers have turned to nonstandard work arrangements and immigrants to supply labor for low-wage jobs. This paper presents a new method for measuring labor market dualism and identifying discrete labor market segments. This method allows us to examine the distribution of workers across these segments over the life course and to estimate the eﬀects of nonstandard work and citizenship status on creating and placing workers into bad jobs. Three major ﬁndings are evident from this research. First, since the early 1970s the level dualism in the American labor market has increased substantially. Second, most workers who begin their careers in the secondary (bad) jobs eventually leave this labor market for better jobs, After young adulthood, most of the workforce is roughly divided between primary (good) intermediary (mediocre) jobs. Finally, results from the multivariate analysis support the new segmentation hypothesis. Combined, nonstandard work and citizenship now play a greater direct role in allocating workers to secondary and intermediary jobs than race or sex.},
	language = {en},
	number = {1},
	urldate = {2020-05-08},
	journal = {Social Science Research},
	author = {Hudson, Kenneth},
	month = mar,
	year = {2007},
	pages = {286--312},
	file = {Hudson - 2007 - The new labor market segmentation Labor market du.pdf:files/272/Hudson - 2007 - The new labor market segmentation Labor market du.pdf:application/pdf}
}

@article{fernandez-huerga_teorisegmentacion_2011,
	title = {La teoría de la segmentación del mercado de trabajo: enfoques, situación actual y perspectivas de futuro},
	volume = {69},
	issn = {0185-1667},
	shorttitle = {La teoría de la segmentación del mercado de trabajo},
	url = {http://www.revistas.unam.mx/index.php/rie/article/view/24253},
	doi = {10.22201/fe.01851667p.2010.273.24253},
	abstract = {Con el nombre de teoría de la segmentación del mercado de trabajo (en adelante, TSMT) se suele englobar un conjunto de enfoques, bastante diverso en cuanto a sus orígenes y contenidos, que comenzaron a surgir a finales de los años sesenta impulsados por el descontento hacia la explicación neoclásica del mercado de trabajo. La economía ortodoxa, desde su óptica del equilibrio, encontraba dificultades para explicar fenómenos como la persistencia de la pobreza, el desempleo, la discriminación y, sobre todo, las desigualdades salariales entre individuos semejantes. En particular, para la teoría del capital humano las diferencias salariales deberían reflejar diferencias en la productividad (y, en último término, en las cualificaciones); a corto plazo podría haber desigualdades transitorias o fenómenos como el desempleo involuntario, pero a largo plazo la búsqueda de la maximización del beneficio y de la utilidad, en un contexto de información y movilidad perfectas, debería conducir al vaciado del mercado y a la desaparición de las desigualdades.},
	language = {es},
	number = {273},
	urldate = {2020-05-08},
	journal = {Investigación Económica},
	author = {Fernández-Huerga, Eduardo},
	month = feb,
	year = {2011},
	file = {Fernández-Huerga - 2011 - La teoría de la segmentación del mercado de trabaj.pdf:files/273/Fernández-Huerga - 2011 - La teoría de la segmentación del mercado de trabaj.pdf:application/pdf}
}

@article{contreras_poverty_2003,
	title = {Poverty and {Inequality} in a {Rapid} {Growth} {Economy}: {Chile} 1990-96},
	volume = {39},
	issn = {0022-0388, 1743-9140},
	shorttitle = {Poverty and {Inequality} in a {Rapid} {Growth} {Economy}},
	url = {http://www.tandfonline.com/doi/abs/10.1080/00220380412331322871},
	doi = {10.1080/00220380412331322871},
	language = {en},
	number = {3},
	urldate = {2020-05-08},
	journal = {Journal of Development Studies},
	author = {Contreras, Dante},
	month = feb,
	year = {2003},
	pages = {181--200},
	file = {Contreras - 2003 - Poverty and Inequality in a Rapid Growth Economy .pdf:files/274/Contreras - 2003 - Poverty and Inequality in a Rapid Growth Economy .pdf:application/pdf}
}

@incollection{arcanjo_organizacion_2016,
	address = {Santiago de Chile},
	series = {Estudios},
	title = {Organización del trabajo en el neoliberalismo avanzado: el caso de {Chile}},
	shorttitle = {Organización del trabajo en el neoliberalismo avanzado},
	url = {https://www.academia.edu/23764623/Organizaci%C3%B3n_del_trabajo_en_el_neoliberalismo_avanzado_el_caso_de_Chile},
	abstract = {En “La organización del trabajo en el neoliberalismo avanzado: el caso de Chile”, Luciana Arcanjo, Isabel Garrido y Belén Soto utilizan una técnica estadística multivariante sencilla pero potente (el análisis de correspondencias) con el objetivo de},
	language = {en},
	urldate = {2020-06-21},
	booktitle = {Panorámica del trabajo en el {Chile} neoliberal: aportes de investigación estudiantil},
	publisher = {Editorial Universitaria},
	author = {Arcanjo, Luciana and Garrido, Isabel and Soto, Belén},
	editor = {Ruiz Bruzzone, Felipe},
	year = {2016},
	file = {Snapshot:files/176/Organización_del_trabajo_en_el_neoliberalismo_avanzado_el_caso_de_Chile.html:text/html}
}

@book{ruiz_bruzzone_panoramica_2016,
	address = {Santiago de Chile},
	series = {Estudios},
	title = {Panorámica del trabajo en el {Chile} neoliberal: aportes de investigación estudiantil},
	isbn = {978-956-11-2526-1},
	shorttitle = {Panorámica del trabajo en el {Chile} neoliberal},
	publisher = {Editorial Universitaria},
	editor = {Ruiz Bruzzone, Felipe},
	year = {2016},
	note = {OCLC: ocn981767117},
	keywords = {Chile, Labor supply, Social aspects, Work}
}

@article{lopez_desigualdad_2017,
	title = {Desigualdad y segmentación en los mercados de trabajo de {España} y {Argentina}},
	volume = {4},
	journal = {Anuario IET de trabajo y relaciones laborales},
	author = {López, Pedro and Fachelli, Sandra},
	year = {2017},
	pages = {0015--33},
	file = {Snapshot:files/177/183346.html:text/html}
}

@book{clausen_applied_1998,
	title = {Applied correspondence analysis: {An} introduction},
	volume = {121},
	shorttitle = {Applied correspondence analysis},
	publisher = {Sage},
	author = {Clausen, Sten Erik},
	year = {1998},
	file = {Snapshot:files/178/books.html:text/html}
}

@phdthesis{sanchez_propuesta_2010,
	title = {Propuesta metodológica para el estudio de la segmentación de los mercados de trabajo locales: un estudio empírico, inductivo y multidimensional},
	shorttitle = {Propuesta metodológica para el estudio de la segmentación de los mercados de trabajo locales},
	school = {Huelva},
	author = {Sánchez, Celia},
	year = {2010}
}

@book{greenacre_practica_2008,
	title = {La práctica del análisis de correspondencias},
	url = {https://www.google.com/search?q=Greenacre%2C+M.+(2008).+La+pr%C3%A1ctica+del+an%C3%A1lisis+de+correspondencias&oq=Greenacre%2C+M.+(2008).+La+pr%C3%A1ctica+del+an%C3%A1lisis+de+correspondencias&aqs=chrome..69i57&sourceid=chrome&ie=UTF-8},
	urldate = {2020-06-20},
	author = {Greenacre, Michael},
	year = {2008},
	file = {Greenacre, M. (2008). La práctica del análisis de correspondencias - Buscar con Google:files/180/search.html:text/html}
}

@book{greenacre_practica_2008-1,
	title = {La práctica del análisis de correspondencias},
	publisher = {Fundacion BBVA},
	author = {Greenacre, Michael},
	year = {2008},
	file = {Full Text:files/179/books.html:text/html}
}

@article{lopez_segmentacion_2019,
	title = {Segmentación del empleo y apreciación de la educación en un modelo productivo anclado. {Análisis} comparativo entre {España} y {Argentina}},
	volume = {104},
	issn = {2013-9004, 0210-2862},
	url = {https://papers.uab.cat/article/view/v104-n2-lopez-fachelli},
	doi = {10.5565/rev/papers.2571},
	number = {2},
	urldate = {2020-06-19},
	journal = {Papers. Revista de Sociologia},
	author = {López, Pedro and Fachelli, Sandra},
	month = jan,
	year = {2019},
	pages = {159}
}

@article{lopez_construccion_1996,
	title = {La construcción de una tipología de segmentación del mercado de trabajo},
	number = {48},
	journal = {Papers: revista de sociologia},
	author = {López, Pedro},
	year = {1996},
	pages = {41--58}
}

@misc{greenacre_ca_2020,
	title = {ca: {Simple}, {Multiple} and {Joint} {Correspondence} {Analysis}},
	copyright = {GPL-2 {\textbar} GPL-3 [expanded from: GPL]},
	shorttitle = {ca},
	url = {https://CRAN.R-project.org/package=ca},
	abstract = {Computation and visualization of simple, multiple and joint correspondence analysis.},
	urldate = {2020-06-19},
	author = {Greenacre, Michael and Nenadic, Oleg and Friendly, Michael},
	month = jan,
	year = {2020},
	keywords = {Multivariate, Psychometrics}
}

@article{nenadic_correspondence_2007,
	title = {Correspondence analysis in {R}, with two-and three-dimensional graphics: {The} ca package},
	volume = {20},
	shorttitle = {Correspondence analysis in {R}, with two-and three-dimensional graphics},
	number = {3},
	journal = {Journal of statistical software},
	author = {Nenadic, Oleg and Greenacre, Michael},
	year = {2007},
	file = {Snapshot:files/181/5892.html:text/html}
}

@article{nenadic_computation_2005,
	title = {Computation of multiple correspondence analysis, with code in {R}},
	author = {Nenadic, Oleg and Greenacre, Michael},
	year = {2005},
	note = {Publisher: UPF Working Paper},
	file = {Snapshot:files/182/papers.html:text/html}
}

@misc{instituto_de_investigaciones_sociales_encuestade_2020,
	title = {Encuestade {Estratificación}},
	isbn = {10.123.456.789},
	author = {Instituto de Investigaciones Sociales},
	year = {2020}
}

@incollection{schickore_scientific_2018,
	edition = {Summer 2018},
	title = {Scientific {Discovery}},
	abstract = {Scientific discovery is the process or product of successfulscientific inquiry. Objects of discovery can be things, events,processes, causes, and properties as well as theories and hypothesesand their features (their explanatory power, for example). Mostphilosophical discussions of scientific discoveries focus on thegeneration of new hypotheses that fit or explain given data sets orallow for the derivation of testable consequences. Philosophicaldiscussions of scientific discovery have been intricate and complexbecause the term “discovery” has been used in manydifferent ways, both to refer to the outcome and to the procedure ofinquiry. In the narrowest sense, the term “discovery”refers to the purported “eureka moment” of having a newinsight. In the broadest sense, “discovery” is a synonymfor “successful scientific endeavor” tout court. Somephilosophical disputes about the nature of scientific discoveryreflect these terminological variations., Philosophical issues related to scientific discovery arise about thenature of human creativity, specifically about whether the“eureka moment” can be analyzed and about whether thereare rules (algorithms, guidelines, or heuristics) according to whichsuch a novel insight can be brought about. Philosophical issues alsoarise about rational heuristics, about the characteristics ofhypotheses worthy of articulation and testing, and, on the meta-level,about the nature and scope of philosophical reflection itself. Thisessay describes the emergence and development of the philosophicalproblem of scientific discovery, surveys different philosophicalapproaches to understanding scientific discovery, and presents themeta-philosophical problems surrounding the debates.},
	booktitle = {The {Stanford} {Encyclopedia} of {Philosophy}},
	publisher = {Metaphysics Research Lab, Stanford University},
	author = {Schickore, Jutta},
	editor = {Zalta, Edward N.},
	year = {2018},
	keywords = {abduction, analogy and analogical reasoning, cognitive science, Isaac: Philosophiae Naturalis Principia Mathematica, Karl, knowledge: analysis of, Kuhn, models in science, molecular biology, Newton, Popper, Thomas, Whewell, William}
}

@article{pineiro_pre-analysis_2016,
	title = {Pre-{Analysis} {Plans} for {Qualitative} {Research}},
	volume = {36},
	issn = {0718-090X},
	doi = {10.4067/S0718-090X2016000300009},
	abstract = {The design and registration of Pre-analysis Plans (PAP) represents a significant improvement in social science research transparency. This tool is commonly used in experimental research. In this research note, we suggest extending the use of PAP to qualitative research. In recent decades, researchers have produced several methodological innovations, which have improved the quality of qualitative analysis. New tools also have been developed and researchers have taken important steps to improve data collection and transparency in the analysis of qualitative data. The development of Pre-analysis Plan-Qualitative (PAP-Q) aims to synthetize these advances into a guide for researchers, in order to improve transparency and better specify the role of induction in the construction of causal arguments.},
	language = {en},
	number = {3},
	journal = {Revista de ciencia política (Santiago)},
	author = {Piñeiro, Rafael and Rosenblatt, Fernando},
	month = dec,
	year = {2016},
	pages = {785--796}
}

@article{ritchie_preregistration_2017,
	title = {Preregistration {Commitments} for {Pre}-{Existing} {Data}},
	doi = {None},
	abstract = {On the basis of the "Open Science for Pre-Existing Data" Unconference at SIPS on 31 July 2017, this project will create a set of pre-registration commitments for researchers who analyse pre-existing datasets. Hosted on the Open Science Framework},
	language = {en},
	journal = {Open Science Framework},
	author = {Ritchie, Stuart J. and Weston, Sara J. and Przybylski, Andrew K. and Rohrer, Julia M.},
	month = jul,
	year = {2017}
}

@article{rice_curtailing_2019,
	title = {Curtailing the {Use} of {Preregistration}: {A} {Misused} {Term}},
	volume = {14},
	issn = {1745-6916},
	shorttitle = {Curtailing the {Use} of {Preregistration}},
	doi = {10.1177/1745691619858427},
	abstract = {Improving the usability of psychological research has been encouraged through practices such as prospectively registering research plans. Registering research aligns with the open-science movement, as the registration of research protocols in publicly accessible domains can result in reduced research waste and increased study transparency. In medicine and psychology, two different terms, registration and preregistration, have been used to refer to study registration, but applying inconsistent terminology to represent one concept can complicate both educational outreach and epidemiological investigation. Consistently using one term across disciplines to refer to the concept of study registration may improve the understanding and uptake of this practice, thereby supporting the movement toward improving the reliability and reproducibility of research through study registration. We recommend encouraging use of the original term, registration, given its widespread and long-standing use, including in national registries.},
	language = {en},
	number = {6},
	journal = {Perspectives on Psychological Science},
	author = {Rice, Danielle B. and Moher, David},
	month = nov,
	year = {2019},
	pages = {1105--1108}
}

@article{nosek_reply_2018,
	title = {Reply to {Ledgerwood}: {Predictions} without {Analysis} {Plans} {Are} {Inert}},
	shorttitle = {Reply to {Ledgerwood}},
	doi = {10.1073/pnas.1812592115},
	abstract = {This letter is a reply to Ledgerwood's "The Preregistration Revolution Needs to Distinguish between Predictions and Analyses", which commented on our earlier paper, "The Preregistration Revolution" (https://osf.io/2dxu5/).},
	author = {Nosek, Brian A. and Ebersole, Charles R. and DeHaven, Alexander and Mellor, David},
	month = oct,
	year = {2018}
}

@article{nosek_registered_2014,
	title = {Registered {Reports}: {A} {Method} to {Increase} the {Credibility} of {Published} {Results}.},
	volume = {45},
	issn = {2151-2590},
	shorttitle = {Registered {Reports}},
	doi = {10.1027/1864-9335/a000192},
	number = {3},
	journal = {Social Psychology},
	author = {Nosek, Brian A. and Lakens, Daniël},
	month = jun,
	year = {2014},
	pages = {137}
}

@article{nosek_preregistration_2019,
	title = {Preregistration {Is} {Hard}, {And} {Worthwhile}},
	issn = {13646613},
	doi = {10.1016/j.tics.2019.07.009},
	language = {en},
	journal = {Trends in Cognitive Sciences},
	author = {Nosek, Brian A. and Beck, Emorie D. and Campbell, Lorne and Flake, Jessica K. and Hardwicke, Tom E. and Mellor, David T. and van 't Veer, Anna E. and Vazire, Simine},
	month = aug,
	year = {2019},
	pages = {S1364661319301846}
}

@article{nosek_preregistration_2018,
	title = {The {Preregistration} {Revolution}},
	copyright = {© 2018 . Published under the PNAS license.},
	issn = {0027-8424, 1091-6490},
	doi = {10.1073/pnas.1708274114},
	abstract = {Progress in science relies in part on generating hypotheses with existing observations and testing hypotheses with new observations. This distinction between postdiction and prediction is appreciated conceptually but is not respected in practice. Mistaking generation of postdictions with testing of predictions reduces the credibility of research findings. However, ordinary biases in human reasoning, such as hindsight bias, make it hard to avoid this mistake. An effective solution is to define the research questions and analysis plan before observing the research outcomes— a process called preregistration. Preregistration distinguishes analyses and outcomes that result from predictions from those that result from postdictions. A variety of practical strategies are available to make the best possible use of preregistration in circumstances that fall short of the ideal application, such as when the data are preexisting. Services are now available for preregistration across all disciplines, facilitating a rapid increase in the practice. Widespread adoption of preregistration will increase distinctiveness between hypothesis generation and hypothesis testing and will improve the credibility of research findings.},
	language = {en},
	journal = {Proceedings of the National Academy of Sciences},
	author = {Nosek, Brian A. and Ebersole, Charles R. and DeHaven, Alexander C. and Mellor, David T.},
	month = mar,
	year = {2018},
	pmid = {29531091},
	keywords = {confirmatory analysis, exploratory analysis, methodology, open science, preregistration},
	pages = {2600--2606}
}

@article{lin_standard_2016,
	title = {Standard {Operating} {Procedures}: {A} {Safety} {Net} for {Pre}-{Analysis} {Plans}},
	volume = {49},
	issn = {1049-0965, 1537-5935},
	shorttitle = {Standard {Operating} {Procedures}},
	doi = {10.1017/S1049096516000810},
	abstract = {Across the social sciences, growing concerns about research transparency have led to calls for pre-analysis plans (PAPs) that specify in advance how researchers intend to analyze the data they are about to gather. PAPs promote transparency and credibility by helping readers distinguish between exploratory and confirmatory analyses. However, PAPs are time-consuming to write and may fail to anticipate contingencies that arise in the course of data collection. This article proposes the use of “standard operating procedures” (SOPs)— default practices to guide decisions when issues arise that were not anticipated in the PAP. We offer an example of an SOP that can be adapted by other researchers seeking a safety net to support their PAPs.},
	language = {en},
	number = {03},
	journal = {PS: Political Science \& Politics},
	author = {Lin, Winston and Green, Donald P.},
	month = jul,
	year = {2016},
	pages = {495--500}
}

@article{ledgerwood_preregistration_2018,
	title = {The {Preregistration} {Revolution} {Needs} to {Distinguish} between {Predictions} and {Analyses}},
	abstract = {Author(s): Ledgerwood, A},
	language = {en},
	author = {Ledgerwood, A.},
	month = oct,
	year = {2018}
}

@book{lakens_value_2019,
	title = {The {Value} of {Preregistration} for {Psychological} {Science}: {A} {Conceptual} {Analysis}},
	shorttitle = {The 20\% {Statistician}},
	author = {Lakens, Daniel},
	month = nov,
	year = {2019},
	note = {Publication Title: The 20\% Statistician},
	keywords = {open science, Asking Questions, Philosophy of Science}
}

@article{kaplan_likelihood_2015,
	title = {Likelihood of {Null} {Effects} of {Large} {NHLBI} {Clinical} {Trials} {Has} {Increased} over {Time}},
	volume = {10},
	issn = {1932-6203},
	doi = {10.1371/journal.pone.0132382},
	abstract = {Background We explore whether the number of null results in large National Heart Lung, and Blood Institute (NHLBI) funded trials has increased over time. Methods We identified all large NHLBI supported RCTs between 1970 and 2012 evaluating drugs or dietary supplements for the treatment or prevention of cardiovascular disease. Trials were included if direct costs \${\textgreater}\$\$500,000/year, participants were adult humans, and the primary outcome was cardiovascular risk, disease or death. The 55 trials meeting these criteria were coded for whether they were published prior to or after the year 2000, whether they registered in clinicaltrials.gov prior to publication, used active or placebo comparator, and whether or not the trial had industry co-sponsorship. We tabulated whether the study reported a positive, negative, or null result on the primary outcome variable and for total mortality. Results 17 of 30 studies (57\%) published prior to 2000 showed a significant benefit of intervention on the primary outcome in comparison to only 2 among the 25 (8\%) trials published after 2000 (χ2=12.2,df= 1, p=0.0005). There has been no change in the proportion of trials that compared treatment to placebo versus active comparator. Industry co-sponsorship was unrelated to the probability of reporting a significant benefit. Pre-registration in clinical trials.gov was strongly associated with the trend toward null findings. Conclusions The number NHLBI trials reporting positive results declined after the year 2000. Prospective declaration of outcomes in RCTs, and the adoption of transparent reporting standards, as required by clinicaltrials.gov, may have contributed to the trend toward null findings.},
	language = {en},
	number = {8},
	journal = {PLOS ONE},
	author = {Kaplan, Robert M. and Irvin, Veronica L.},
	month = aug,
	year = {2015},
	keywords = {Blood pressure, Cardiovascular diseases, Comparators, Coronary heart disease, Drug therapy, Myocardial infarction, Sudden cardiac death, Women's health},
	pages = {e0132382}
}

@article{jacobs_bias_2018,
	title = {Of {Bias} and {Blind} {Selection}: {Pre}-{Registration} and {Results}-{Free} {Review} in {Observational} and {Qualitative} {Research}},
	language = {en},
	author = {Jacobs, Alan M},
	year = {2018},
	pages = {40}
}

@article{hardwicke_mapping_2018,
	title = {Mapping the {Universe} of {Registered} {Reports}},
	doi = {10.17605/OSF.IO/FZPCY},
	abstract = {Selection pressures for significant results may infuse bias into the research process. We evaluated the implementation of one innovation designed to mitigate this bias, `Registered Reports', where study protocols are peer-reviewed and granted in-principle acceptance (IPA) for publication before the study has been conducted. As of February 2018, 91 journals had adopted Registered Reports and 91 Final Reports had been published. Psychology journals are the principal adopters, but expansion has begun into medicine, social science, and other fields. Among 29 journals that responded to a survey, 334 protocols had been submitted to them, 87 had been granted IPA and 32 Final Reports had been published or were in press as of July 2017. We encountered several sub-optimal implementation practices, including non-availability of IPA protocols, and diverse approaches to protocol registration in the absence of a single central registry. Registered Reports should be iteratively evaluated and improved to ensure maximal benefits.},
	journal = {BITSS},
	author = {Hardwicke, Tom E. and Ioannidis, John P. A.},
	month = apr,
	year = {2018}
}

@article{haven_preregistering_2019,
	title = {Preregistering {Qualitative} {Research}},
	volume = {26},
	issn = {0898-9621},
	doi = {10.1080/08989621.2019.1580147},
	abstract = {The threat to reproducibility and the awareness that current rates of research misbehaviour may only reflect the `tip of the iceberg' sparked initiatives to better academic science. One such initiative is preregistration of quantitative research. We investigate whether the preregistration format could also be used to boost the credibility of qualitative research. A crucial distinction underlying preregistration is that between prediction and postdiction. In qualitative research data is used to decide which way interpretation should move forward, using data to generate hypotheses and new research questions. Qualitative research is thus a real-life example of postdiction research. Some may object to the idea of preregistering qualitative studies because qualitative research generally does not test hypotheses, and because qualitative research design is typically flexible and subjective. We rebut these objections, arguing that making hypotheses explicit is just one feature of preregistration, that flexibility can be tracked using preregistration and that preregistration would provide a check on subjectivity. We then contextualise preregistrations alongside another initiative to enhance credibility in qualitative research: the confirmability audit. Besides, preregistering qualitative studies is practically useful to combating dissemination bias and could incentivise qualitative researchers to report the constant development of their study. We conclude with some suggested modifications to the Open Science Framework preregistration form to tailor it for qualitative studies.},
	number = {3},
	journal = {Accountability in Research},
	author = {Haven, Tamarinde and van Grootel, Leonie},
	month = feb,
	year = {2019},
	pmid = {30741570},
	keywords = {preregistration, qualitative research, transparency},
	pages = {229--244}
}

@article{chambers_registered_2019,
	title = {The {Registered} {Reports} {Revolution} {Lessons} in {Cultural} {Reform}},
	volume = {16},
	issn = {1740-9705},
	doi = {10.1111/j.1740-9713.2019.01299.x},
	abstract = {The rise of the ?registered report? ? a type of research article that is reviewed and accepted before results are known ? offers lessons for the current debate surrounding p-values and significance. By Chris Chambers},
	number = {4},
	journal = {Significance},
	author = {Chambers, Chris},
	month = aug,
	year = {2019},
	pages = {23--27}
}

@article{christensen_transparency_2018,
	title = {Transparency, {Reproducibility}, and the {Credibility} of {Economics} {Research}},
	volume = {56},
	issn = {0022-0515},
	doi = {10.1257/jel.20171350},
	abstract = {There is growing interest in enhancing research transparency and reproducibility in economics and other scientific fields. We survey existing work on these topics within economics, and discuss the evidence suggesting that publication bias, inability to replicate, and specification searching remain widespread in the discipline. We next discuss recent progress in this area, including through improved research design, study registration and pre-analysis plans, disclosure standards, and open sharing of data and materials, drawing on experiences in both economics and other social sciences. We discuss areas where consensus is emerging on new practices, as well as approaches that remain controversial, and speculate about the most effective ways to make economics research more credible in the future.},
	language = {en},
	number = {3},
	journal = {Journal of Economic Literature},
	author = {Christensen, Garret and Miguel, Edward},
	month = sep,
	year = {2018},
	keywords = {Higher Education, Market for Economists, Methodological Issues: General, Research Institutions, Role of Economics, Role of Economists},
	pages = {920--980}
}

@article{chambers_instead_2014,
	title = {Instead of “{Playing} the {Game}” {It} {Is} {Time} to {Change} the {Rules}: {Registered} {Reports} at {AIMS} {Neuroscience} and {Beyond}},
	volume = {1},
	issn = {2373-7972},
	shorttitle = {Instead of “{Playing} the {Game}” {It} {Is} {Time} to {Change} the {Rules}},
	doi = {10.3934/Neuroscience.2014.1.4},
	language = {en},
	number = {1},
	journal = {AIMS Neuroscience},
	author = {Chambers, Christopher D. and Feredoes, Eva and Muthukumaraswamy, Suresh D. and Etchells, Peter J.},
	year = {2014},
	pages = {4--17}
}

@article{blair_declaring_2018,
	title = {Declaring and {Diagnosing} {Research} {Designs}},
	doi = {10.31222/osf.io/m6ws3},
	abstract = {Researchers need to select high-quality research designs and communicate those designs clearly to readers. Both tasks are difficult. We provide a framework for formally "declaring" the analytically relevant features of a research design in a demonstrably complete manner, with applications to qualitative, quantitative, and mixed methods research. The approach to design declaration we describe requires defining a model of the world (M), an inquiry (I), a data strategy (D), and an answer strategy (A). Declaration of these features in code provides sufficient information for researchers and readers to use Monte Carlo techniques to diagnose properties such as power, bias, accuracy of qualitative causal inferences, and other "diagnosands." Ex ante declarations can be used to improve designs and facilitate preregistration, analysis, and reconciliation of intended and actual analyses. Ex post declarations are useful for describing, sharing, reanalyzing, and critiquing existing designs. We provide open-source software, DeclareDesign, to implement the proposed approach.},
	author = {Blair, Graeme and Cooper, Jasper and Coppock, Alexander and Humphreys, Macartan},
	month = apr,
	year = {2018}
}

@misc{noauthor_replication_nodate,
	title = {Replication in {Social} {Science} {\textbar} {Annual} {Review} of {Sociology}},
	url = {https://www.annualreviews.org/doi/10.1146/annurev-soc-060116-053450},
	urldate = {2020-06-19},
	file = {Replication in Social Science | Annual Review of Sociology:files/184/annurev-soc-060116-053450.html:text/html}
}

@book{stodden_implementing_2018,
	title = {Implementing {Reproducible} {Research}},
	isbn = {978-1-315-37346-1 978-1-315-36039-3},
	abstract = {In computational science, reproducibility requires that researchers make code and data available to others so that the data can be analyzed in a similar manner as in the original publication. Code must be available to be distributed, data must be accessible in a readable format, and a platform must be available for widely distributing the data and code. In addition, both data and code need to be licensed permissively enough so that others can reproduce the work without a substantial legal burden. Implementing Reproducible Research covers many of the elements necessary for conducting and distributing reproducible research. It explains how to accurately reproduce a scientific result. Divided into three parts, the book discusses the tools, practices, and dissemination platforms for ensuring reproducibility in computational science. It describes: Computational tools, such as Sweave, knitr, VisTrails, Sumatra, CDE, and the Declaratron system open source practices, good programming practices, trends in open science, and the role of cloud computing in reproducible research Software and methodological platforms, including open source software packages, RunMyCode platform, and open access journals Each part presents contributions from leaders who have developed software and other products that have advanced the field. Supplementary material is available at www.ImplementingRR.org.},
	language = {English},
	author = {Stodden, Victoria and Leisch, Friedrich and Peng, Roger D and {Taylor \& Francis}},
	year = {2018},
	note = {OCLC: 1110587448}
}

@techreport{crosas_data_2018,
	type = {preprint},
	title = {Data policies of highly-ranked social science journals},
	url = {https://osf.io/9h7ay},
	abstract = {By encouraging and requiring that authors share their data in order to publish articles, scholarly journals have become an important actor in the movement to improve the openness of data and the reproducibility of research. But how many social science journals encourage or mandate that authors share the data supporting their research findings? How does the share of journal data policies vary by discipline? What influences these journals’ decisions to adopt such policies and instructions? And what do those policies and instructions look like?We discuss the results of our analysis of the instructions and policies of 291 highly-ranked journals publishing social science research, where we studied the contents of journal data policies and instructions across 14 variables, such as when and how authors are asked to share their data, and what role journal ranking and age play in the existence and quality of data policies and instructions. We also compare our results to the results of other studies that have analyzed the policies of social science journals, although differences in the journals chosen and how each study defines what constitutes a data policy limit this comparison.We conclude that a little more than half of the journals in our study have data policies. A greater share of the economics journals have data policies and mandate sharing, followed by political science/international relations and psychology journals.Finally, we use our findings to make several recommendations: Policies should include the terms “data,” “dataset” or more specific terms that make it clear what to make available; policies should include the benefits of data sharing; journals, publishers, and associations need to collaborate more to clarify data policies; and policies should explicitly ask for qualitative data.},
	urldate = {2020-06-19},
	institution = {SocArXiv},
	author = {Crosas, Mercè and Gautier, Julian and Karcher, Sebastian and Kirilova, Dessi and Otalora, Gerard and Schwartz, Abigail},
	month = mar,
	year = {2018},
	doi = {10.31235/osf.io/9h7ay}
}

@article{hodson_economic_1982,
	title = {Economic dualism: {A} critical review},
	shorttitle = {Economic dualism},
	journal = {American Sociological Review},
	author = {Hodson, Randy and Kaufman, Robert L.},
	year = {1982},
	note = {Publisher: JSTOR},
	pages = {727--739},
	file = {Snapshot:files/185/2095209.html:text/html}
}

@article{kalleberg_economic_1981,
	title = {Economic {Segmentation}, {Worker} {Power}, and {Income} {Inequality}},
	volume = {87},
	issn = {0002-9602},
	url = {https://www.jstor.org/stable/2778937},
	abstract = {How economic segmentation generates income inequality constitutes a central question for theories of economic and social organization and of socioeconomic achievement. Previous research emphasizes two sources of the structural variation in income: (1) employers with large amounts of resources, for a variety of reasons, may find it in their interests to pay workers higher wages; and (2) some workers are able to acquire power against their employers as well as against other workers and can therefore extract higher earnings. In this paper, we investigate several issues involved in the links among economic segmentation, worker power, and income inequality. We argue that the structure of economic segmentation is multidimensional and reflects such distinct concepts as concentration, economic scale, state intervention in the market, capital intensity, and organization size. Worker power also is derived from diverse sources, such as union membership, occupational skill and licensing, class position, and tenure with an employer. We construct measures of these two sets of concepts and examine their relationships and effects on income with data from two national samples of individuals. We also relate economic segmentation to issues raised by the socioeconomic achievement literature; in particular, we find that the effect of education on income differs among firm and industrial contexts. Our analyses illustrate the utility of an economic segmentation approach for explaining structural sources of income inequality.},
	number = {3},
	urldate = {2020-06-04},
	journal = {American Journal of Sociology},
	author = {Kalleberg, Arne L. and Wallace, Michael and Althauser, Robert P.},
	year = {1981},
	note = {Publisher: University of Chicago Press},
	pages = {651--683}
}

@article{vallas_dualism_2012,
	title = {Dualism, {Job} {Polarization}, and the {Social} {Construction} of {Precarious} {Work}},
	volume = {39},
	issn = {0730-8884},
	url = {https://doi.org/10.1177/0730888412456027},
	doi = {10.1177/0730888412456027},
	abstract = {Publication of Arne Kalleberg’s Good Jobs, Bad Jobs provides a welcome opportunity to re-examine the theoretical and conceptual frameworks that scholars bring to bear on precarious employment. An exemplar of what was once called the “new structuralism,” Kalleberg’s book provides a rigorous, multidimensional analysis of the changes impinging on job stability and security. Although it identifies a vitally important trend toward a growing polarization in the distribution of job rewards, it does so in ways that illustrate the limits of the genre of research to which it belongs. Constrained to view the subjective experience of work as merely dependent variables, the book cannot explore how social, political, and cultural processes have both shaped and legitimated the rise of precarious employment. Drawing on recent studies of the popular business press and other media representations, we document the rise of a culture of enterprise that has idealized the uncertainties that have come to grip the labor market, defining the latter as a site on which individual agency can freely unfold. Only by addressing the interplay between job structures and such discursive and political developments can we hope to understand the rise of labor market precarity, let alone expand workers’ rights to protection against market uncertainty.},
	language = {en},
	number = {4},
	urldate = {2020-06-01},
	journal = {Work and Occupations},
	author = {Vallas, Steven and Prener, Christopher},
	month = nov,
	year = {2012},
	note = {Publisher: SAGE Publications Inc},
	pages = {331--353}
}

@article{crisp_young_2017,
	title = {Young people and {UK} labour market policy: a critique of "employability" as a tool for understanding youth unemployment},
	volume = {54},
	copyright = {arr},
	issn = {0042-0980},
	shorttitle = {Young people and {UK} labour market policy},
	url = {http://journals.sagepub.com/doi/abs/10.1177/0042098016637567},
	doi = {10.1177/0042098016637567},
	abstract = {This paper presents a critical analysis of the contemporary policy focus on promoting employability among young people in the UK. Drawing on analysis of UK policy approaches to tackling youth unemployment since the late 1970s, we suggest existing critiques of employability as 'supply-side orthodoxy' fail to capture fully its evolving meaning and function. Under the UK Coalition Government, it became increasingly colonised as a targeted tool of urban governance to legitimise ever more punitive forms of conditional welfare. We argue that this colonisation undermines the value of the notion of employability as an academic tool for understanding the reasons why young people face difficulties in entering the labour market. The paper suggests that the notion of youth transitions offers more potential for understanding youth unemployment, and that more clearly linking this body of research to policy could provide a fruitful avenue for future research. Such a shift requires a longer term, spatially informed perspective as well as greater emphasis on the changing power relations that mediate young people's experiences of wider social and economic transformations. The paper concludes that promoting employment among urban young people requires a marked shift to address the historically and geographically inadequate knowledge and assumptions on which policies are based.},
	language = {en},
	number = {8},
	urldate = {2020-06-01},
	journal = {Urban Studies},
	author = {Crisp, Richard and Powell, Ryan},
	month = jun,
	year = {2017},
	note = {Number: 8
Publisher: Taylor \& Francis},
	pages = {1784--1807},
	file = {Snapshot:files/186/11550.html:text/html}
}

@article{assusa_empleabilidad_2014,
	title = {La empleabilidad, sus sentidos y dispositivos: un estudio de caso desde la perspectiva de los beneficiarios del {Programa} {Jóvenes} {Más} y {Mejor} {Trabajoen} {Córdoba} {Capital}, {Argentina}},
	volume = {17},
	issn = {1980-8194},
	shorttitle = {La empleabilidad, sus sentidos y dispositivos},
	url = {https://www.academia.edu/26144100/La_empleabilidad_sus_sentidos_y_dispositivos_un_estudio_de_caso_desde_la_perspectiva_de_los_beneficiarios_del_Programa_J%C3%B3venes_M%C3%A1s_y_Mejor_Trabajoen_C%C3%B3rdoba_Capital_Argentina},
	abstract = {La empleabilidad, sus sentidos y dispositivos: un estudio de caso desde la perspectiva de los beneficiarios del Programa Jóvenes Más y Mejor Trabajoen Córdoba Capital, Argentina},
	language = {en},
	number = {1},
	urldate = {2020-06-01},
	journal = {Sociedade e Cultura},
	author = {Assusa, Gonzalo and Brandán, María Gabriela},
	year = {2014},
	file = {Snapshot:files/187/La_empleabilidad_sus_sentidos_y_dispositivos_un_estudio_de_caso_desde_la_perspectiva_de_los_ben.html:text/html}
}

@incollection{france_unemployment_2016,
	edition = {1},
	title = {Unemployment and work: precarious futures},
	shorttitle = {Unemployment and work},
	url = {https://www.jstor.org/stable/j.ctt1t89fwf.11},
	abstract = {In Chapters Three and Four we concentrated on education and training, highlighting how Australian New Zealand, Canadian and UK efforts to respond to the growing concerns about skills shortages in the 1990s saw governments try to improve the ‘human capital’ of the young. In this chapter we turn our attention to young people’s relationship with paid work. Getting into paid work has always been a focal point in young people’s movement into independent adulthood and citizenship (Roberts, 2003; Jones, 2009). As a field of practice, paid employment has its own rules, regulations and social practices that shape young people’s transitions},
	urldate = {2020-06-01},
	booktitle = {Understanding youth in the global economic crisis},
	publisher = {Bristol University Press},
	author = {France, Alan},
	year = {2016},
	doi = {10.2307/j.ctt1t89fwf.11},
	pages = {109--134}
}

@incollection{france_education_2016,
	edition = {1},
	title = {Education and training: the broken promise},
	shorttitle = {Education and training},
	url = {https://www.jstor.org/stable/j.ctt1t89fwf.9},
	abstract = {Over the last thirty years we have seen more young people worldwide participate in education than ever before. This increase has accelerated in the early 21st century. In 2000 less than one-fifth of those aged 18 to 24 in Organisation for Economic Co-operation and Development (OECD) countries were engaged in some form of post-16 education or training (OECD, 2014a). Between 1999 and 2012, post-16 education and training enrolment among those aged 16 to 25 grew by 45 million to 138 million, with Brazil, China, India, Nigeria, Cuba and South Korea showing the greatest gains. By 2012, across all OECD countries,},
	urldate = {2020-06-01},
	booktitle = {Understanding youth in the global economic crisis},
	publisher = {Bristol University Press},
	author = {France, Alan},
	year = {2016},
	doi = {10.2307/j.ctt1t89fwf.9},
	pages = {61--86}
}

@incollection{france_education_2016-1,
	edition = {1},
	title = {Education, work and welfare in diverse settings},
	url = {https://www.jstor.org/stable/j.ctt1t89fwf.14},
	abstract = {The discussion in this chapter will look at how neoliberalism in Norway, Japan, Poland and Spain has influenced and shaped youth policy over the past twenty years. We will begin the analysis by focusing on the question of education and training, followed by an examination of the strategies that each country has developed for dealing with unemployment, work and welfare. The review will also show how the different states have been developing their post-16 education policies, highlighting the importance of the local context in how they are responding to the neoliberal agenda, especially since the 2007 crisis. We will also},
	urldate = {2020-06-01},
	booktitle = {Understanding youth in the global economic crisis},
	publisher = {Bristol University Press},
	author = {France, Alan},
	year = {2016},
	doi = {10.2307/j.ctt1t89fwf.14},
	pages = {187--216}
}

@article{ulloa_flexibilidad_2015,
	title = {Flexibilidad {Laboral} en {Chile}: una aproximación a sus modalidades en condiciones de trabajo y empleo},
	shorttitle = {Flexibilidad {Laboral} en {Chile}},
	author = {Ulloa, Felipe},
	year = {2015},
	note = {Publisher: Universidad de Chile},
	file = {Snapshot:files/188/136630.html:text/html}
}

@article{ghiardo_transformaciones_2009,
	title = {Transformaciones del trabajo y juventud: temas de búsqueda},
	volume = {17},
	shorttitle = {Transformaciones del trabajo y juventud},
	number = {31},
	journal = {Ultima década},
	author = {Ghiardo, Felipe},
	year = {2009},
	note = {Publisher: Universidad de Chile. Facultad de Ciencias Sociales},
	pages = {179--223},
	file = {Full Text:files/189/scielo.html:text/html}
}

@article{davila_transiciones_2012,
	title = {Transiciones a la vida adulta: generaciones y cambio social en {Chile}},
	volume = {20},
	shorttitle = {Transiciones a la vida adulta},
	number = {37},
	journal = {Ultima década},
	author = {Dávila, Óscar and Ghiardo, Felipe},
	year = {2012},
	pages = {69--83},
	file = {Snapshot:files/190/scielo.html:text/html}
}

@article{davila_desheredados_2005,
	title = {Los desheredados. {Trayectorias} de vida y nuevas condiciones juveniles},
	journal = {Santiago de Chile: Centro de Investigación y Difusión Poblacional de Achupallas},
	author = {Dávila, Oscar and Ghiardo, Felipe and Medrano, Carlos},
	year = {2005}
}

@article{rubilar_sobre_2019,
	title = {Sobre el futuro: {Narrativas} laborales de estudiantes de liceos técnico-profesionales en tres claves de desigualdad},
	volume = {18},
	number = {3},
	journal = {Psicoperspectivas},
	author = {Rubilar, Gabriela and Muñiz-Terra, Leticia and Domínguez-Amorós, Màrius},
	year = {2019},
	note = {Publisher: Pontificia Universidad Católica de Valparaíso},
	pages = {91--102}
}

@article{kaztman_seducidos_2001,
	title = {Seducidos y abandonados: el aislamiento social de los pobres urbanos},
	shorttitle = {Seducidos y abandonados},
	journal = {Revista de la CEPAL},
	author = {Kaztman, Rubén},
	year = {2001},
	file = {Snapshot:files/191/10782.html:text/html}
}

@article{humphries_reconstruction_1984,
	title = {The reconstruction of the supply side of the labour market: the relative autonomy of social reproduction},
	volume = {8},
	issn = {1464-3545, 0309-166X},
	shorttitle = {The reconstruction of the supply side of the labour market},
	url = {https://academic.oup.com/cje/article/1698141/The},
	doi = {10.1093/oxfordjournals.cje.a035554},
	language = {en},
	number = {4},
	urldate = {2020-05-26},
	journal = {Cambridge Journal of Economics},
	author = {Humphries, Jane and Rubery, Jill},
	month = dec,
	year = {1984},
	pages = {331--346}
}

@article{longo_estabilidad_2014,
	title = {La estabilidad y la inestabilidad en los procesos de inserción laboral de jóvenes en {Argentina} y en {Francia}},
	volume = {Estudios del Trabajo},
	copyright = {info:eu-repo/semantics/openAccess},
	issn = {0327-5744},
	url = {http://ri.conicet.gov.ar/handle/11336/4992},
	abstract = {El presente artículo indaga la situación laboral de los jóvenes durante el período caracterizado por el final de sus estudios secundarios, desde el ángulo de la estabilidad y la inestabilidad que caracterizan su inserción laboral y las representaciones asociadas a dicha dimensión. Para ello, adoptamos una doble mirada cuantitativa y cualitativa, que articula datos estadísticos sobre el empleo de jóvenes en Argentina y Francia y datos provenientes de dos paneles cualitativos longitudinales de seguimiento de las trayectorias laborales de los jóvenes en uno y otro país.},
	language = {spa},
	number = {47},
	urldate = {2020-05-25},
	journal = {Asociación Argentina de Especialistas en Estudios del Trabajo (ASET)},
	author = {Longo, Maria Eugenia and Perez, Pablo Ernesto and Busso, Mariana and Bidart, Claire},
	month = jun,
	year = {2014},
	note = {Accepted: 2016-04-01T16:11:42Z
Publisher: Asociación Argentina de Especialistas en Estudios del Trabajo (ASET)},
	pages = {81--106},
	file = {Snapshot:files/192/4992.html:text/html}
}

@article{casal_aportaciones_2006,
	title = {Aportaciones teóricas y metodológicas a la sociología de la juventud desde la perspectiva de la transición},
	volume = {79},
	copyright = {Copyright (c) 2006 Joaquim Casal, Maribel Garcia, Rafael Merino, Miguel Quesada},
	issn = {2013-9004},
	url = {https://papers.uab.cat/article/view/v79-casal-garcia-merino-quesada},
	doi = {10.5565/rev/papers/v79n0.798},
	abstract = {El artículo presenta y defiende un enfoque biográfico acerca de la sociología de la juventud, y define la juventud como proceso social de emancipación que atañe a aspectos económicos (posición social y enclasamiento) y familiares (emancipación de la familia). En la base del enfoque biográfico está el análisis acerca de los itinerarios y en la base sociológica está el estudio de la diversidad de tipos de itinerarios y sus efectos. Las «modalidades de transición » son la aportación principal del artículo, juntamente con la consideración triangulizada de las edades, las promociones y los períodos. Este planteamiento teórico tiene efectos directos acerca de la propuesta metodológica de corte biográfico y longitudinal defendida en el artículo como vía fecunda para el desarrollo de la sociología de la juventud. La aportación del artículo proviene de una investigación sociológica a partir de una encuesta a los jóvenes de Catalunya, pero tiene sus raíces en otras investigaciones del GRET acerca},
	language = {es},
	number = {0},
	urldate = {2020-05-21},
	journal = {Papers. Revista de Sociologia},
	author = {Casal, Joaquim and Garcia, Maribel and Merino, Rafael and Quesada, Miguel},
	month = jan,
	year = {2006},
	note = {Number: 0},
	keywords = {ages, edades, edats, emancipació familiar, emancipación familiar, family emancipation, generació, generación, generation, itinerarios, itineraris, joventut, juventud, pathways, políticas de juventud, polítiques de joventut, transició, transición, transition, youth, youth policy},
	pages = {21--48},
	file = {Snapshot:files/193/v79-casal-garcia-merino-quesada.html:text/html}
}

@article{piore_notes_1972,
	title = {Notes for a theory of labor market stratification},
	language = {en},
	author = {Piore, Michael J.},
	year = {1972},
	pages = {56},
	file = {Piore - Notes for a theory of labor market stratification.pdf:files/270/Piore - Notes for a theory of labor market stratification.pdf:application/pdf}
}

@article{piore_fragments_1973,
	title = {Fragments of a "{Sociological}" {Theory} of {Wages}},
	volume = {63},
	issn = {0002-8282},
	url = {https://www.jstor.org/stable/1817099},
	number = {2},
	urldate = {2020-05-21},
	journal = {The American Economic Review},
	author = {Piore, Michael J.},
	year = {1973},
	note = {Publisher: American Economic Association},
	pages = {377--384}
}

@article{ubeda_empleos_2020,
	title = {Empleos de calidad para las personas jóvenes: una inversión de presente y de futuro},
	volume = {38},
	issn = {1988-2572},
	shorttitle = {Empleos de calidad para las personas jóvenes},
	url = {https://revistas.ucm.es/index.php/CRLA/article/view/68867},
	doi = {10.5209/crla.68867},
	abstract = {Resumen
					La consecución de empleos de calidad y de buenas ofertas de empleo se ha convertido en uno de los objetivos clave de los programas de empleabilidad juvenil; es por ello que los elementos que configuran el empleo de calidad deben ser analizados y problematizados. A través de una aproximación al concepto de empleos de calidad, y de los indicadores propuestos por diferentes organismos internacionales, se analizará en que medida el Sistema Nacional de Garantía Juvenil (SNGJ) está contribuyendo a lograr el reto de los empleos de calidad; o por el contrario, está sirviendo para disminuir cuantitativamente las tasas de desempleo juvenil.},
	language = {es-ES},
	number = {1},
	urldate = {2020-05-17},
	journal = {Cuadernos de Relaciones Laborales},
	author = {Úbeda, Miquel and Cabasés, M. Àngels and Pardell, Agnès},
	month = may,
	year = {2020},
	keywords = {juventud, empleos de calidad, Garantía Juvenil, Leído, precariedad},
	pages = {39--57},
	file = {Snapshot:files/194/68867.html:text/html}
}

@phdthesis{marin_caracteristicas_2018,
	title = {Las características estructurales de los mercados de trabajo de las regiones de {Chile} : el aporte del análisis insumo-producto},
	copyright = {info:eu-repo/semantics/openAccess},
	shorttitle = {Las características estructurales de los mercados de trabajo de las regiones de {Chile}},
	url = {https://digitum.um.es/digitum/handle/10201/56001},
	abstract = {La presente tesis doctoral pretende estudiar el mercado de trabajo de las regiones de Chile desde la perspectiva de los mercados de trabajo segmentados y las visiones desarrollista del estructuralismo latinoamericano. Para ello, une a algunos de los indicadores sociolaborales más comunes del análisis laboral, otro referente a la calidad del empleo, nutriendo el análisis con la introducción del modelo insumo producto aplicado al empleo, para analizar estructuralmente los mercados trabajo regionales y sus principales dinámicas dentro del sistema socioeconómico. Así, el análisis permite conocer capacidad de generación o destrucción de empleo directo de los sectores económicos, las cadenas de empleo directo presentes en el territorio y los impactos totales o sistémicos que las alteraciones en las economías tienen en el mercado laboral, considerando aspectos de la calidad de empleo y las dinámicas históricas del mercado de trabajo segmentado desde comienzos de siglo. El resultado obtenido pretende ser un instrumento de apoyo para la identificación de necesidades de intervención gubernamental, proporcionando información relevante que ayude a la elaboración de una política de empleo coherente y sinérgica a la política económica de fomento, basada en las realidades regionales, con una visión de mediano y largo plazo.  
 
Palabras clave. Economía del trabajo, empleo, estructuralismo, desarrollo económico, mercado trabajo segmentado, modelo insumo producto.  
 
This dissertation aims to study the labor market of the regions of Chile from the perspective of segmented labor markets and the developmental views of Latin American structuralism. To this end, it links some of the most common socio-labor indicators of labor analysis, another concerning quality of employment, uniting the analysis with the introduction of the input output model applied to employment, to analyze structurally regional labor markets and their main dynamics within the socioeconomic system. Thus, the analysis allows to know the capacity of generation or destruction of direct employment of the economic sectors, the direct employment chains present in the territory and the total or systemic impacts that the alterations in the economies have in the labor market, considering aspects on the quality of employment and the historical dynamics of the segmented labor market since the beginning of the century. The result obtained is intended to be an instrument to support the identification of governmental intervention needs, providing relevant information to help the creationf a coherent and synergic employment policy to the economic promotion policy, based on regional realities, with a medium and long term vision.},
	language = {spa},
	urldate = {2020-05-17},
	school = {Universidad de Murcia},
	author = {Marín, Ana},
	month = feb,
	year = {2018},
	note = {Accepted: 2018-02-09T12:50:24Z
Publisher: Universidad de Murcia},
	file = {Snapshot:files/195/56001.html:text/html}
}

@article{rey_segmentacion_2020,
	title = {La segmentación laboral durante la recuperación económica: empleo atípico y rotación},
	volume = {38},
	issn = {1988-2572},
	shorttitle = {La segmentación laboral durante la recuperación económica},
	url = {https://revistas.ucm.es/index.php/CRLA/article/view/68871},
	doi = {10.5209/crla.68871},
	abstract = {Resumen
					En este trabajo se aborda el estudio de la evolución del empleo entre 2005 y 2018 en la economía española utilizando el marco teórico de la Teoría de la Segmentación Laboral (TSL). En primer lugar, se cuantifica el empleo atípico en el 50\% del total de la afiliación, tras una caída transitoria provocada esencialmente por la crisis económica se produce un fuerte auge, especialmente entre los jóvenes. En segundo lugar, se comprueba que la inestabilidad de los contratos temporales se ha incrementado, al caer la duración media de los contratos, lo cual parece ir asociado a al aumento de los contratos de muy corta duración (7 días o menos). Estos cambios se explican esencialmente porque cuatro subgrupos profesionales, característicos del segmento secundario, tienen un mayor peso en la estructura de contratación. Lo cual puede ser atribuido a una mayor rotación como resultado de las políticas de “flexibilización” laboral introducidas en la última década.},
	language = {es-ES},
	number = {1},
	urldate = {2020-05-17},
	journal = {Cuadernos de Relaciones Laborales},
	author = {Rey, Luis Cárdenas del},
	month = may,
	year = {2020},
	keywords = {economía laboral, empleo, España, segmentación laboral},
	pages = {145--165},
	file = {Snapshot:files/196/68871.html:text/html}
}

@techreport{cepaloit_employment_2017,
	title = {Employment {Situation} in {Latin} {America} and the {Caribbean}: {The} transition of young people from school to the labour market},
	shorttitle = {Employment {Situation} in {Latin} {America} and the {Caribbean}},
	url = {https://repositorio.cepal.org//handle/11362/42251},
	abstract = {In the first half of 2017 Latin American and Caribbean labour markets followed two main trends. On the one hand, as described in the first part of this report, the main indicators continued to deteriorate as a result of slack economic growth, as has been the case for several years. The empoyment rate continued to decrease, while the unemployment rate continued to rise. On the other hand, the pace of this deterioration has continued to slow, which could signal “light at the end of the tunnel”. 
Young people tend to be among the hardest hit by downturns in labour markets. They also face structural problems of integration into employment and decent work. The second part of this report is devoted to the issue of the transition between the education system and the labour market and analyses this trajectory using data from household surveys and School-to-Work Transition Surveys (SWTS). 
Young people’s paths into the labour market in the region are found to be generally much longer than in the developed countries, something that is heavily shaped by the role of women, often still centred on caregiving and household activities. The analysis of these transitions has been made more complex by the fact that most young people pass through different activity statuses before becoming established in employment.},
	language = {en},
	number = {17},
	urldate = {2020-05-15},
	author = {CEPAL/OIT},
	month = oct,
	year = {2017},
	note = {Accepted: 2017-10-19T12:16:03Z
Publisher: ECLAC},
	pages = {38},
	file = {Snapshot:files/197/42251.html:text/html}
}

@article{weller_empleo_2017,
	title = {Empleo en {América} {Latina} y el {Caribe}. {Textos} seleccionados 2006-2017},
	author = {Weller, Jürgen},
	year = {2017},
	note = {Publisher: CEPAL},
	file = {Snapshot:files/198/42488.html:text/html}
}

@incollection{frias_malestar_2019,
	address = {Santiago de Chile},
	series = {Colección {IDEA}},
	title = {El malestar “prendió”: reflexiones sobre las experiencias de trabajo de las y los jóvenes en {Chile}},
	booktitle = {"{Hilos} tensados". {Para} leer el octubre chileno},
	publisher = {IDEA},
	author = {Frías, Pamela and Garcés, Magdalena},
	editor = {Araujo, Kathya},
	year = {2019}
}

@book{araujo_hilos_2019,
	address = {Santiago de Chile},
	series = {Colección {IDEA}},
	title = {"{Hilos} tensados". {Para} leer el octubre chileno},
	publisher = {IDEA},
	author = {Araujo, Kathya},
	year = {2019}
}

@incollection{stecher_trabajo_2019,
	address = {Santiago de Chile},
	series = {Colección {IDEA}},
	title = {Trabajo y precarización laboral en el {Chile} neoliberal},
	booktitle = {"{Hilos} tensados". {Para} leer el octubre chileno},
	publisher = {IDEA},
	author = {Stecher, Antonio and Sisto, Vicente},
	editor = {Araujo, Kathya},
	year = {2019}
}

@article{beck_que_1998,
	title = {¿{Qué} es la globalización?},
	shorttitle = {?},
	author = {Beck, Ulrich and Moreno, Bernardo and Borrás, María Rosa},
	year = {1998},
	note = {Publisher: Paidós Barcelona}
}

@article{ayos_asistencia_2017,
	title = {Asistencia, trabajo y peligrosidad. {La} política social y la cuestión de la seguridad en la {Argentina} de la última década},
	volume = {23},
	number = {1},
	journal = {Gaceta Laboral},
	author = {Ayos, Emilio},
	year = {2017},
	note = {Publisher: Universidad del Zulia},
	pages = {08--31}
}

@book{ashton_restructuring_1990,
	title = {Restructuring the labour market: {The} implications for youth},
	shorttitle = {Restructuring the labour market},
	publisher = {Springer},
	author = {Ashton, David and Maguire, Malcolm and Spilsbury, Mark},
	year = {1990},
	file = {Snapshot:files/199/books.html:text/html}
}

@article{atkinson_manpower_1984,
	title = {Manpower strategies for flexible organisations},
	volume = {16},
	number = {8},
	journal = {Personnel management},
	author = {Atkinson, John},
	year = {1984},
	note = {Publisher: London},
	pages = {28--31}
}

@book{antunes_sentidos_2005,
	title = {Los sentidos del trabajo: ensayo sobre la afirmación y la negación del trabajo},
	shorttitle = {Los sentidos del trabajo},
	publisher = {Herramienta Buenos Aires},
	author = {Antunes, Ricardo and Mészáros, István},
	year = {2005}
}

@book{boltanski_nuevo_2002,
	title = {El nuevo espíritu del capitalismo},
	volume = {13},
	publisher = {Ediciones Akal},
	author = {Boltanski, Luc and Chiapello, Eve},
	year = {2002},
	file = {Snapshot:files/200/books.html:text/html}
}

@article{bone_i_2019,
	title = {I don’t want to be a vagrant for the rest of my life’: young peoples’ experiences of precarious work as a ‘continuous present},
	volume = {22},
	shorttitle = {I don’t want to be a vagrant for the rest of my life’},
	number = {9},
	journal = {Journal of Youth Studies},
	author = {Bone, Kate},
	year = {2019},
	note = {Publisher: Taylor \& Francis},
	pages = {1218--1237},
	file = {Snapshot:C\:\\Users\\56978\\Zotero\\storage\\7SKIKWSG\\13676261.2019.html:text/html}
}

@incollection{campusano_mercado_2006,
	title = {El mercado laboral y los jóvenes: una mirada del empresariado},
	shorttitle = {El mercado laboral y los jóvenes},
	booktitle = {Los jóvenes y el empleo en {América} {Latina}: desafíos y perspectivas ante el nuevo escenario laboral},
	publisher = {CEPAL},
	author = {Campusano, C. L.},
	collaborator = {Weller, Jürgen},
	year = {2006}
}

@book{castel_ascenso_2010,
	title = {El ascenso de las incertidumbres: trabajo, protecciones, estatuto del individuo},
	shorttitle = {El ascenso de las incertidumbres},
	publisher = {Fondo de Cultura Económica Buenos Aires},
	author = {Castel, Robert},
	year = {2010}
}

@book{castells_era_1999,
	title = {La era de la información: economía, sociedad y cultura},
	volume = {1},
	shorttitle = {La era de la información},
	publisher = {Siglo XXI},
	author = {Castells, Manuel},
	year = {1999},
	file = {Snapshot:files/202/books.html:text/html}
}

@article{castro_sobreeducacion_2019,
	title = {Sobreeducacion en el mercado laboral chileno},
	volume = {34},
	number = {1},
	journal = {Revista de análisis económico},
	author = {Castro, Daniel},
	year = {2019},
	note = {Publisher: ILADES. Universidad Alberto Hurtado.},
	pages = {51--83},
	file = {Full Text:files/203/scielo.html:text/html}
}

@article{corica_transiciones_2018,
	title = {Transiciones juveniles: un análisis sobre el vínculo educación y trabajo de jóvenes egresados de la educación obligatoria argentina},
	volume = {26},
	shorttitle = {Transiciones juveniles},
	number = {48},
	journal = {Ultima década},
	author = {Corica, Agustina and Otero, Analia},
	year = {2018},
	note = {Publisher: Universidad de Chile. Facultad de Ciencias Sociales},
	pages = {133--168},
	file = {Full Text:files/204/scielo.html:text/html}
}

@article{de_la_garza_toledo_flexibilidad_2000,
	title = {Flexibilidad del trabajo: discurso y construcción social},
	volume = {12},
	shorttitle = {Flexibilidad del trabajo},
	number = {19},
	journal = {Región y sociedad},
	author = {De la Garza Toledo, Enrique},
	year = {2000},
	note = {Publisher: El Colegio de México},
	pages = {31--81}
}

@incollection{de_la_garza_toledo_problemas_2001,
	address = {Buenos Aires},
	title = {Problemas clásicos y actuales de la crisis del trabajo},
	booktitle = {El {Futuro} del {Trabajo}. {El} {Trabajo} del futuro},
	publisher = {CLACSO},
	author = {De la Garza Toledo, Enrique},
	editor = {De la Garza Toledo, Enrique and Neffa, Julio César},
	year = {2001},
	pages = {11--31}
}

@book{ermida_descentralizacion_2009,
	title = {Descentralización, tercerización y deslocalización},
	publisher = {Lima: Proyecto FSAL/OIT},
	author = {Ermida, O. and Colotuzzo, N.},
	year = {2009}
}

@book{etchemendy_tercerizacion_2018,
	address = {Buenos Aires},
	series = {Colección {La} {Argentina} contemporánea},
	title = {La tercerización laboral en la {Argentina}: diagnóstico y estrategias sindicales},
	publisher = {Biblos},
	author = {Etchemendy, Sebastián},
	year = {2018}
}

@article{furlong_labour_1990,
	title = {Labour market segmentation and the age structuring of employment opportunities for young people},
	volume = {4},
	number = {2},
	journal = {Work, Employment and Society},
	author = {Furlong, Andy},
	year = {1990},
	note = {Publisher: BSA Publications Limited},
	pages = {253--269},
	file = {Snapshot:files/205/0950017090004002006.html:text/html}
}

@book{garreton_neoliberalismo_2012,
	title = {Neoliberalismo corregido y progresismo limitado: {Los} gobiernos de la {Concertación} en {Chile}, 1990-2010},
	shorttitle = {Neoliberalismo corregido y progresismo limitado},
	publisher = {Editorial Arcis},
	author = {Garretón, Manuel Antonio},
	year = {2012}
}

@book{garreton_sociedad_2000,
	title = {La sociedad en que vivi (re) mos: introducción sociológica al cambio de siglo},
	shorttitle = {La sociedad en que vivi (re) mos},
	publisher = {Lom Santiago},
	author = {Garretón, Manuel Antonio},
	year = {2000}
}

@book{ghiardo_trayectorias_2008,
	address = {Santiago de Chile},
	series = {{INJUV}/{CIDPA}},
	title = {Trayectorias sociales juveniles. {Ambivalencias} y discursos sobre el trabajo},
	publisher = {INJUV},
	author = {Ghiardo, Felipe and Dávila, Oscar},
	year = {2008}
}

@article{gontero_estudias_2015,
	title = {¿{Estudias} o trabajas? {El} largo camino hacia la independencia económica de los jóvenes de {América} {Latina}},
	volume = {Serie Macroeconomía del Desarrollo},
	shorttitle = {?},
	number = {169},
	author = {Gontero, Sonia and Weller, Jürgen},
	year = {2015},
	note = {Publisher: CEPAL},
	pages = {76},
	file = {Snapshot:files/206/39486.html:text/html}
}

@article{hernandez_metodologiinvestigacion_2006,
	title = {Metodología de la investigación: {Cómo} escribir una tesis},
	shorttitle = {Metodología de la investigación},
	journal = {Escuela nacional de salud pública},
	author = {Hernández, Edelsys},
	year = {2006}
}

@article{herrera_empleabilidad_2017,
	title = {Empleabilidad versus sobrecualificación. {Desajuste} entre formación y empleo en las trayectorias laborales de los jóvenes titulados en {España}},
	number = {89},
	journal = {Sociología del trabajo},
	author = {Herrera, Damián},
	year = {2017},
	pages = {29--52},
	file = {Snapshot:files/207/57627.html:text/html}
}

@book{ibanez_insercion_2002,
	title = {Inserción laboral juvenil: análisis de variables relevantes y perspectivas de política},
	shorttitle = {Inserción laboral juvenil},
	publisher = {Universidad de Chile, Facultad de Ciencias Físicas y Matemáticas …},
	author = {Ibáñez, Sergio},
	year = {2002}
}

@misc{ine_libro_2019,
	title = {Libro de códigos base de datos, {Encuesta} {Nacional} de {Empleo}},
	url = {https://www.ine.cl/docs/default-source/ocupacion-y-desocupacion/bbdd/libro-de-codigos/libro-de-c%C3%B3digos-base-ene-2019.pdf?sfvrsn=ce7f6448_2},
	publisher = {Instituto Nacional de Estadísticas},
	author = {{INE}},
	year = {2019}
}

@misc{ine_manual_2018,
	title = {Manual conceptual y metodológico diseño muestral {Encuesta} {Nacional} de {Empleo} ({ENE})},
	url = {https://www.ine.cl/docs/default-source/ocupacion-y-desocupacion/metodologia/espanol/metodolog%C3%ADa-y-dise%C3%B1o-muestral.pdf?sfvrsn=94e53c33_3},
	publisher = {Instituto Nacional de Estadísticas},
	author = {{INE}},
	year = {2018}
}

@misc{ine_estadisticas_2018,
	title = {Estadísticas de informalidad laboral: {Marco} conceptual y manual metodológico. {Indicadores} de informalidad laboral},
	url = {https://www.ine.cl/docs/default-source/informalidad-y-condiciones-laborales/metodologia/antecedentes-metodologicos/manual-conceptual-y-metodol%C3%B3gico-informalidad-laboral.pdf?sfvrsn=afad6bfc_5},
	publisher = {Instituto Nacional de Estadísticas},
	author = {{INE}},
	year = {2018}
}

@misc{ine_ficha_2010,
	title = {Ficha {Técnica} {Encuesta} {Nacional} de {Empleo}},
	url = {https://www.ine.cl/docs/default-source/ocupacion-y-desocupacion/metodologia/espanol/ficha-t%C3%A9cnica-ene.pdf?sfvrsn=88d19280_3},
	publisher = {Instituto Nacional de Estadísticas},
	author = {{INE}},
	year = {2010}
}

@misc{ine_enfoque_2010,
	title = {Enfoque estadístico: ¿{Qué} es la {Nueva} {Encuesta} {Nacional} de {Empleo}?},
	url = {http://www.ine.cl/docs/default-source/ocupacion-y-desocupacion/metodologia/espanol/qu%C3%A9-es-la-ene.pdf?sfvrsn=9c550ff8_3},
	publisher = {Instituto Nacional de Estadísticas},
	author = {INE},
	year = {2010}
}

@techreport{injuv_9_2019,
	address = {Santiago de Chile},
	title = {9° {Encuesta} {Nacional} de {Juventud} 2018},
	url = {http://rgdoi.net/10.13140/RG.2.2.18684.69761},
	number = {9},
	urldate = {2020-05-14},
	institution = {Instituto Nacional de la Juventud},
	author = {{INJUV}},
	year = {2019},
	note = {Publisher: Unpublished}
}

@article{jacinto_educacion_2016,
	title = {Educación y trabajo en tiempos de transiciones inciertas},
	volume = {9},
	issn = {1688-7468},
	shorttitle = {Presentación},
	url = {http://www.scielo.edu.uy/scielo.php?script=sci_abstract&pid=S1688-74682016000200001&lng=es&nrm=iso&tlng=es},
	number = {2},
	urldate = {2020-05-14},
	journal = {Páginas de Educación},
	author = {Jacinto, Claudia},
	month = dec,
	year = {2016},
	note = {Publisher: Universidad Católica del Uruguay},
	pages = {1--13},
	file = {Snapshot:files/208/scielo.html:text/html}
}

@article{jacinto_estrategias_2006,
	title = {Estrategias sistémicas y subjetivas de transición laboral de los jóvenes en {Argentina}. {El} papel de los dispositivos de formación para el empleo},
	volume = {341},
	journal = {Revista de Educación},
	author = {Jacinto, Claudia},
	year = {2006},
	note = {Publisher: mec Madrid},
	pages = {57--79}
}

@article{jacinto_formacion_2013,
	title = {La formación para el trabajo en la escuela secundaria como reflexión crítica y como recurso},
	author = {Jacinto, Claudia Gabriela},
	year = {2013},
	note = {Publisher: Facultad Latinoamericana de Ciencias Sociales Sede Argentina},
	file = {Snapshot:files/209/93774.html:text/html}
}

@article{jacinto_precariedades_2010,
	title = {Precariedades, rotación y movilidades en las trayectorias laborales juveniles},
	volume = {39},
	number = {40},
	journal = {Estudios del Trabajo},
	author = {Jacinto, Claudia and Chitarroni, Horacio},
	year = {2010},
	note = {Publisher: ASET Buenos Aires},
	pages = {5--36}
}

@article{blanco_tipologiprecariedad_2019,
	title = {Una tipología de precariedad laboral para {Chile}: {La} precariedad como fenómeno transclasista},
	shorttitle = {Una tipología de precariedad laboral para {Chile}},
	url = {https://www.cepal.org/es/publicaciones/45009-tipologia-precariedad-laboral-chile-la-precariedad-como-fenomeno-transclasista},
	language = {es},
	urldate = {2020-06-27},
	author = {Blanco, Osvaldo and Julián, Dasten},
	month = dec,
	year = {2019},
	note = {Journal Abbreviation: Una tipología de precariedad laboral para Chile: La precariedad como fenómeno transclasista
Last Modified: 2020-04-17T12:30-04:00},
	file = {Snapshot:files/276/45009-tipologia-precariedad-laboral-chile-la-precariedad-como-fenomeno-transclasista.html:text/html}
}

@article{brandan_juventud_00,
	title = {Juventud, {Trabajo} y {Dispositivos} {Estatales}: {Aportes} {Críticos} a la {Sociología} de la {Juventud} desde la {Perspectiva} de la {Gubernamentalidad}},
	volume = {22},
	issn = {0718-2236},
	shorttitle = {Juventud, {Trabajo} y {Dispositivos} {Estatales}},
	url = {https://scielo.conicyt.cl/scielo.php?script=sci_abstract&pid=S0718-22362014000100003&lng=es&nrm=iso&tlng=es},
	doi = {10.4067/S0718-22362014000100003},
	number = {40},
	urldate = {2020-06-28},
	journal = {Ultima década},
	author = {Brandán, María Gabriela},
	year = {2014},
	note = {Publisher: Universidad de Chile. Facultad de Ciencias Sociales},
	pages = {37--54},
	file = {Full Text PDF:files/278/Zehnder y Gabriela - 2014 - Juventud, Trabajo y Dispositivos Estatales Aporte.pdf:application/pdf;Snapshot:files/279/scielo.html:text/html}
}

@article{assusa_salvar_2014,
	title = {"{Salvar} a la generación perdida": gubernamentalidad, empleabilidad y cultura del trabajo. {El} caso de un programa de empleo para jóvenes en {Argentina}},
	volume = {22},
	issn = {0104-4478},
	shorttitle = {"{Salvar} a la generación perdida"},
	url = {http://www.scielo.br/scielo.php?script=sci_abstract&pid=S0104-44782014000100009&lng=es&nrm=iso&tlng=es},
	doi = {10.1590/S0104-44782014000100009},
	language = {es},
	number = {49},
	urldate = {2020-06-28},
	journal = {Revista de Sociologia e Política},
	author = {Assusa, Gonzalo and Brandán, María Gabriela},
	month = mar,
	year = {2014},
	note = {Publisher: Revista de Sociologia e Política},
	pages = {157--174},
	file = {Snapshot:files/282/scielo.html:text/html}
}

@article{perez2013empleabilidad,
	title = {Empleabilidad, motivación por trabajar y políticas de empleo para jóvenes en {Argentina}},
	number = {9},
	journal = {Cuestiones de sociología},
	author = {Pérez, Pablo Ernesto},
	year = {2013},
	note = {Publisher: Universidad Nacional de La Plata. Facultad de Humanidades y Ciencias de la …},
	pages = {287--291}
}

@article{gutierrez_problema_2015,
	title = {El «problema» de la generación, la «generación» del problema. {La} producción social del problema de la empleabilidad juvenil en documentos de organismos públicos del mundo del trabajo},
	volume = {101},
	issn = {2013-9004, 0210-2862},
	url = {http://papers.uab.cat/article/view/v101-n1-gutierrez-assusa},
	doi = {10.5565/rev/papers.2109},
	number = {1},
	urldate = {2020-06-29},
	journal = {Papers. Revista de Sociologia},
	author = {Gutiérrez, Alicia Beatriz and Assusa, Gonzalo},
	month = dec,
	year = {2015},
	pages = {73},
	file = {Texto completo:files/285/Gutiérrez y Assusa - 2015 - El «problema» de la generación, la «generación» de.pdf:application/pdf}
}

@incollection{roberti_reves_2016,
	address = {Ciudad Autónoma de Buenos Aires},
	series = {Libros del {IDES}},
	title = {El revés de la trama en los dispositivos de apoyo a la inserción laboral juvenil: un análisis del {Programa} {Jóvenes} con {Más} y {Mejor} {Trabajo}},
	shorttitle = {El revés de la trama en los dispositivos de apoyo a la inserción laboral juvenil},
	booktitle = {Protección social y formación para el trabajo de jóvenes en la {Argentina} reciente: {Entramados}, alcances y tensiones},
	publisher = {Instituto de Desarrollo Económico y Social},
	author = {Roberti, Eugenia},
	editor = {Jacinto, Claudia},
	year = {2016},
	file = {Full Text:files/287/Roberti - 2016 - El revés de la trama en los dispositivos de apoyo .pdf:application/pdf;Snapshot:files/288/library.html:text/html}
}
